2504 4080
240 249 303 316 138
632 247 819 313 stricte.

240 428 284 486 ut
309 441 438 504 spero,
464 421 660 497 satisfeci,
694 440 748 482 me
773 420 873 481 nihil
898 422 1054 502 reliqui
1083 425 1219 487 fecisse

241 510 339 591 quod
365 509 410 569 ad
433 508 646 569 sanandum
672 527 726 568 me
756 507 1003 586 pertineret,
1038 511 1221 591 reliquum

241 597 352 657 estut
367 594 838 674 egometmihioonsulam.
883 593 928 653 Id
944 613 1020 655 ros
1046 597 1221 677 ignorare

241 680 358 742 nolui.
402 680 1013 741 Nammihistatalaremorbum
1035 683 1220 745 desinere.

196 766 220 830 5
242 767 409 845 Namque
433 766 491 826 his
514 767 650 826 diebus
676 765 858 845 quidquid
880 765 957 826 eibi
980 771 1158 849 sumpsi,
1180 770 1221 830 ita

241 853 408 934 produxi
429 852 564 927 vitam,
593 857 635 912 ut
663 852 835 912 auxerim
864 851 1023 912 dolores
1056 856 1148 916 sine
1169 874 1220 936 spe

242 940 394 1001 salutis.
440 937 598 1007 Quarea
618 938 731 998 vobis
754 942 855 1017 peto,
881 937 1056 1018 primum
1080 949 1126 1001 ut
1149 961 1220 1003 eon·

243 1026 374 1086 silium
399 1025 574 1104 probetis
596 1044 727 1096 meum,
754 1023 892 1083 deinde
916 1043 962 1083 ne
988 1024 1152 1088 frustra
1172 1029 1220 1088 de·

241 1111 431 1171 hortando
446 1109 635 1189 impedire
650 1109 847 1170 conemini.

178 1196 221 1260 10
232 1195 331 1256 XXII
373 1195 443 1255 Hae
458 1195 594 1256 oratione
608 1196 712 1256 habita
724 1198 810 1256 tanta
824 1194 995 1255 constantia
1021 1198 1116 1258 vocis
1144 1202 1220 1277 atque

241 1281 353 1351 vultus,
370 1285 478 1341 utnon
492 1300 533 1340 ex
547 1281 627 1355 vita,
651 1282 706 1341 sad
720 1301 762 1341 ex
775 1282 863 1340 domo
878 1280 908 1339 in
925 1281 1056 1342 domum
1071 1285 1221 1345 videretur

242 1366 392 1445 migrare,
415 1385 483 1427 oum
504 1367 626 1446 quidem
641 1367 780 1447 Agrippa
799 1386 869 1427 enm
882 1366 958 1426 flens
974 1370 1073 1446 atque
1089 1372 1221 1431 osculans

242 1462 343 1514 oraret
353 1456 443 1531 atque
455 1454 635 1527 obsecraret,
646 1473 686 1514 ne
697 1453 786 1527 adid,
798 1452 878 1531 quod
889 1452 998 1512 natura
1011 1462 1156 1532 cogeret,
1168 1457 1222 1537 ipse

244 1559 362 1619 qnoque
376 1540 434 1600 sibi
449 1539 647 1615 acceleraret,
671 1539 726 1599 aed
749 1539 888 1618 quoniam
902 1541 969 1598 tum
984 1558 1113 1619 qnoque
1129 1544 1223 1622 posset

178 1623 220 1688 15
241 1625 428 1704 temporibus
443 1645 617 1705 superesse,
643 1645 675 1685 se
695 1625 752 1685 sibi
767 1625 889 1704 suisque
902 1631 1096 1701 reservaret,
1123 1646 1222 1708 preses

241 1711 306 1771 eius
320 1711 471 1771 taciturna
485 1731 540 1772 sua
554 1711 755 1772 obstinatione
767 1710 923 1790 depressit.
946 1707 998 1770 Sia
1013 1729 1089 1771 eum
1100 1714 1223 1774 biduum

242 1796 309 1857 eibo
325 1816 359 1856 se
374 1796 577 1871 abstinuisset,
600 1797 700 1858 subito
714 1797 808 1856 febris
823 1795 953 1857 decessit
966 1796 1135 1877 leviorque
1152 1818 1222 1860 mor·

240 1884 297 1943 bus
313 1901 380 1942 esse
394 1883 502 1962 eoepit.
536 1882 651 1943 Tamen
665 1882 854 1962 propositum
868 1881 962 1942 nihilo
977 1881 1082 1943 seoins
1097 1885 1224 1965 peregit.

240 1969 350 2047 Itaque
371 1968 421 2033 die
442 1969 546 2047 quinto
568 1972 637 2049 post
651 1988 742 2048 quam
756 1968 788 2028 id
804 1967 962 2030 eonsilium
975 1967 1103 2045 inierat,
1128 1970 1224 2050 pridie

171 2050 220 2119 20
243 2050 393 2116 Calendas
407 2053 530 2134 Apriles
546 2051 603 2115 Gn.
619 2054 752 2114 Domitio
768 2051 805 2115 G.
819 2052 904 2115 Sosio
919 2053 1107 2130 oonsulibus,
1124 2057 1224 2117 deres-

241 2140 289 2202 sit.
333 2139 441 2200 Elatus
456 2141 549 2201 estin
564 2139 718 2214 lecticula,
742 2143 777 2200 ut
796 2140 861 2219 ipse
882 2139 1140 2220 praescripserat,
1160 2141 1224 2202 sine

240 2225 306 2285 ulla
319 2245 430 2306 pompa
445 2226 568 2301 funeris,
584 2226 799 2288 comitantibus
814 2225 953 2288 omnibus
967 2225 1070 2300 bonis,
1088 2227 1224 2288 maxima

241 2310 328 2388 vulgi
340 2312 516 2390 frequentia.
534 2310 678 2392 Sepultus
690 2317 736 2373 est
747 2313 833 2374 iuxta
844 2312 927 2372 viam
937 2308 1073 2391 Appiam
1085 2313 1126 2373 ad
1138 2312 1224 2393 quiu-

240 2398 306 2457 tum
321 2396 454 2476 lapidem
468 2399 500 2458 in
515 2400 708 2459 monumento
723 2397 761 2467 Q.
780 2395 914 2472 Caecilii,
930 2397 1075 2458 avunculi
1091 2400 1150 2460 sui.
