2504 4080
429 234 489 296 IX.
514 231 664 298 CONON.
996 234 1040 299 55

142 408 221 469 Dato
236 405 387 488 stipendio
403 407 441 467 ad
458 405 628 466 exercitum
643 405 824 481 remittitur,
847 425 904 467 nec
923 426 1041 470 moram
1062 407 1116 467 ΙΠ

52 493 185 577 agendis
199 493 291 553 rebus
311 492 398 566 facit3
421 492 520 554 multa
541 492 675 566 fortiter,
699 493 796 553 multa
816 493 946 554 feliciter
965 495 1038 574 agit,

52 600 148 662 agros
162 579 289 641 hostiles
304 579 415 653 vastat,
431 577 522 638 urbes
538 582 703 657 expugnat.
748 577 905 640 Paridem
919 583 1040 661 tempus

54 664 287 729 Lacedaemonii
315 664 356 724 ad
376 663 493 744 patriae
515 663 683 723 subsidium
704 662 884 741 Agesilaum
903 685 944 725 ex
964 665 1041 727 Asia

55 753 211 814 revocant.
254 749 403 811 Pisander
424 750 462 810 ab
483 747 629 827 Agesilao
652 749 716 809 dux
736 749 862 811 relictus
883 749 1040 830 ingentem
1062 750 1083 815 5

55 840 188 900 classem
203 835 329 896 summis
345 835 463 895 viribus
478 834 616 909 instruit,
640 836 793 895 fortunam
818 834 890 895 belli
911 839 1039 916 tempta·

54 930 151 986 turus.
195 920 413 982 Arbitrabatur
428 920 510 981 enim
524 921 622 982 maius
636 921 752 981 bellum
767 921 934 996 imminere,
949 941 1040 1000 quam

54 1011 83 1071 si
98 1029 166 1071 oum
181 1007 320 1068 barbaris
336 1007 435 1067 solum
458 1006 662 1069 contenderet.
705 1006 785 1068 Nam
806 1007 914 1068 ducem
928 1008 1040 1068 fortem

53 1098 87 1157 ot
105 1093 287 1175 prudentem
307 1093 390 1172 regis
411 1092 506 1172 copiis
527 1093 736 1172 praefuturum
763 1112 799 1154 ac
827 1111 931 1154 secum
952 1094 1039 1153 dimi-

52 1182 193 1243 caturum
217 1178 349 1239 videbat.
394 1177 471 1239 Erat
496 1178 588 1239 etiam
614 1198 668 1258 pro
695 1179 875 1257 cognatione
898 1177 1038 1259 Agesilai
1063 1175 1105 1240 10

54 1266 180 1328 virtutis
195 1265 365 1325 aemulator
380 1264 649 1342 comedebatque,
665 1284 704 1324 ne
720 1284 737 1325 a
753 1267 844 1325 rebus
859 1266 956 1344 gestis
973 1266 1037 1326 eius

54 1357 88 1415 et
102 1351 220 1430 gloriae
235 1350 396 1430 splendore
411 1349 581 1424 desederet,
598 1370 677 1410 neve
691 1354 736 1411 tot
752 1351 840 1410 bellis
856 1369 892 1410 ac
907 1351 1037 1411 saeculis

52 1437 226 1518 quaesitum
249 1436 410 1516 imperium
430 1435 534 1519 brevis
554 1435 708 1497 momenti
723 1436 814 1516 culpa
836 1436 1036 1496 subverteret.

54 1523 173 1585 Eadem
198 1521 331 1582 militum
357 1524 388 1582 et
413 1521 547 1582 omnium
573 1521 726 1598 remigum
751 1539 825 1581 cura
849 1523 927 1592 erat;
963 1540 1038 1601 quos

54 1609 153 1671 maior
174 1606 346 1669 sollicitudo
366 1607 522 1667 cruciabat
546 1625 607 1666 non
632 1613 709 1681 tam,
735 1626 774 1666 ne
799 1607 858 1687 ipsi
883 1607 1036 1686 quaesitas
1060 1604 1102 1668 15

52 1715 129 1777 opes
150 1693 338 1769 amitterent,
359 1710 450 1772 quam
472 1712 511 1752 ne
531 1691 675 1772 pristinas
697 1690 899 1753 Athenienses
922 1693 1037 1774 recipe-

53 1782 132 1842 rent.
177 1777 238 1839 Sed
263 1782 374 1858 quanto
401 1776 497 1837 maius
530 1777 680 1859 proelium
705 1778 778 1851 luit,
811 1782 895 1840 tanto
928 1779 1038 1841 clarior

52 1865 185 1928 victoria
197 1861 337 1926 Cononis.
360 1862 593 1924 Lacedaemonii
608 1864 688 1943 apud
701 1860 831 1924 Cnidum
846 1864 921 1925 victi
932 1865 1038 1944 fugam

51 1953 233 2031 capessunt,
259 1949 375 2010 multae
400 1967 494 2010 naves
520 1956 642 2029 captae,
670 1949 841 2030 complures
871 1949 1035 2011 demersae.

53 2037 128 2106 Qua
147 2035 277 2096 victoria
297 2053 401 2095 omnes
422 2035 514 2094 urbes
537 2031 672 2095 Graecae
694 2035 725 2094 in
748 2031 829 2095 Asia
858 2039 890 2095 et
910 2035 1036 2109 insulae,
1060 2031 1103 2095 20

50 2141 133 2203 quae
144 2123 200 2181 sub
207 2120 514 2182 Lacedaemoniorum
524 2119 651 2199 imperio
661 2120 789 2195 fuerant,
801 2120 948 2182 liberatae
958 2123 1039 2184 sunt.

143 2205 247 2268 Conon
269 2205 371 2266 reditu
392 2204 532 2285 Agesilai
560 2206 663 2266 audito
689 2209 720 2266 et
744 2206 809 2285 ipse
836 2226 876 2266 ex
898 2204 974 2266 Asia
999 2206 1038 2266 ad
1059 2203 1107 2266 IV

51 2292 282 2374 depopulandos
302 2290 609 2353 Lacedaemoniorum
630 2310 723 2370 agros
744 2292 924 2368 revertitur,
948 2298 1040 2371 atque

54 2380 113 2454 ita,
142 2379 215 2438 belli
241 2377 402 2439 formidine
417 2377 550 2456 undique
575 2377 860 2456 circumstrepente,
886 2377 1039 2438 Lacedae-

54 2463 152 2526 monii
174 2464 214 2524 ad
233 2482 383 2524 summam
403 2462 647 2543 desperationem
672 2462 861 2541 rediguntur.
907 2462 968 2524 Sed
989 2462 1039 2523 hic
1060 2458 1102 2522 25

53 2549 188 2612 vastatis
207 2549 340 2611 hostium
360 2549 464 2621 terris,
487 2548 668 2629 praesertim
687 2549 813 2626 regione
828 2549 910 2610 eirca
924 2548 1040 2608 Therae

54 2637 127 2712 sita,
142 2634 280 2696 Athenas
294 2634 411 2715 pergit,
433 2634 486 2694 ubi
505 2652 618 2712 magno
633 2633 747 2693 civium
761 2635 874 2713 gaudio
891 2637 1039 2712 exceptus

55 2721 133 2804 plns·
151 2724 253 2782 tamen
278 2720 423 2781 tristitiae
448 2719 514 2798 ipse
539 2738 580 2779 ex
604 2718 727 2779 devicta
752 2736 771 2778 a
791 2717 1039 2780 Lacedaemoniis

55 2807 170 2889 patria,
193 2825 284 2886 quam
304 2806 439 2868 laetitiae
453 2825 494 2865 err
508 2809 687 2884 recuperata
702 2804 791 2884 cepit.
837 2805 946 2883 Itaque
961 2821 1039 2882 quae

56 2893 185 2955 incensa
194 2894 325 2967 fuerant,
342 2891 525 2972 praedarum
539 2892 662 2969 sumptu
676 2892 708 2949 et
722 2890 859 2950 exercitu
874 2888 1039 2951 Persarum
1061 2884 1105 2948 30

55 2978 208 3052 restitnit;
229 2981 399 3057 utrumque,
422 2980 453 3038 et
466 2976 586 3038 Piraeei
606 2982 638 3035 et
652 2972 854 3050 Athenarum,
880 2995 1001 3036 murum
1023 2994 1042 3036 a

56 3063 219 3145 Lysandro
240 3062 376 3125 dirutum
401 3062 598 3124 reficiendum
620 3064 707 3122 curat
733 3061 871 3142 impensa
896 3062 1041 3141 qninqua-

55 3150 145 3231 ginta
169 3149 368 3224 talentorum,
400 3167 477 3228 quae
503 3168 523 3209 a
545 3147 743 3209 Pharnabazo
769 3148 846 3209 dono
872 3151 1040 3228 acceperat.

58 3234 121 3298 Sed
135 3234 247 3296 accidit
259 3234 339 3310 huic,
355 3233 436 3314 quod
450 3234 559 3294 ceteris
580 3234 774 3308 mortalibus,
790 3236 825 3294 ut
838 3234 1042 3297 inconsidera-

57 3322 120 3384 tior
144 3322 177 3381 in
195 3321 337 3395 secunda,
364 3339 454 3400 quam·
479 3321 512 3380 in
538 3320 669 3380 adversa
695 3323 776 3380 essst
790 3320 918 3381 fortuna.
963 3317 1044 3378 Nam
1066 3313 1109 3377 35

57 3407 160 3468 classe
179 3406 469 3487 Peloponnesiorum
496 3405 619 3466 devicta
644 3424 713 3465 cum
735 3406 834 3466 ultum
860 3424 894 3465 se
918 3402 1045 3464 iniurias

59 3493 179 3572 patriae
202 3494 340 3572 putaret,
367 3491 459 3571 plura
479 3491 668 3572 concupivit,
690 3509 781 3570 quam
802 3490 922 3551 efficere
937 3486 1044 3568 potuit

58 3577 170 3658 Neque
185 3579 288 3640 tamen
303 3596 340 3639 ea
354 3596 413 3639 non
429 3576 481 3657 pia
495 3579 527 3637 et
541 3577 697 3657 probanda
706 3576 839 3652 fuerunt,
854 3575 935 3654 quod
946 3572 1048 3655 potius
