2504 4080
491 217 675 283 ATTIOUS.
1010 220 1072 285 133

96 395 196 471 mani,
224 393 357 472 aequalis
379 390 441 469 sui,
468 391 519 470 qui
544 392 714 471 complures
736 409 829 453 annos
851 393 951 454 studio
967 396 1075 457 ductus

98 479 306 561 philosophiae
336 477 492 539 habitabat
517 476 681 538 Athenis
709 477 899 558 habebatque
927 480 959 540 in
983 480 1076 543 Italia

97 566 246 646 pretiosas
260 564 479 645 possessiones,
502 563 656 624 triumviri
670 564 748 625 bona
763 564 984 643 vendidissent,
1007 586 1075 627 con-

98 652 258 713 suetudine
273 669 309 711 ea
324 654 462 728 quatum
477 668 526 710 res
541 650 740 726 gerebantur,
756 648 852 710 Attici
867 650 972 712 labore
986 658 1076 732 atque

97 737 247 798 industria
261 736 374 796 factum
389 738 449 808 est,
467 739 500 794 ut
514 734 621 796 eodem
636 735 740 796 nuntio
757 733 895 796 Saufeius
911 736 998 799 fieret
1012 757 1075 799 cer·
1096 736 1118 800 5

97 823 156 884 tior
171 843 204 883 se
219 821 433 902 patrimonium
448 819 585 881 amisisse
601 824 632 882 et
645 839 850 901 recuperasse.
873 821 960 883 Idem
975 822 1008 883 L.
1025 825 1076 883 Iu-

98 909 173 970 lium
205 905 357 981 Calidum,
390 926 479 985 quem
504 909 573 986 post
594 907 729 968 Lucretii
752 903 924 989 Catullique
949 911 1076 970 mortem

97 994 194 1056 multo
223 993 483 1072 elegantissimum
514 995 634 1072 poetam
655 996 791 1054 nostram
814 994 922 1055 tulisse
947 998 1078 1055 aetatem

96 1100 171 1140 uere
186 1079 293 1140 uideor
307 1097 395 1159 posse
410 1078 600 1154 contendere,
623 1098 720 1159 neque
736 1079 836 1140 minus
850 1079 951 1140 virum
965 1080 1077 1141 bonum

98 1165 281 1247 optimisque
292 1165 407 1225 artibus
418 1164 580 1241 eruditum,
592 1169 661 1245 post
668 1165 921 1246 proscriptionem
933 1165 1077 1245 equitum,
1101 1165 1142 1230 10

99 1254 223 1332 propter
243 1269 370 1331 magnas
393 1250 457 1311 eius
483 1250 644 1312 Africanas
666 1251 871 1331 possessiones
890 1252 923 1312 in
948 1252 1078 1333 proscri-

98 1336 933 1418 ptorumnumerumaP.Vclumnic,praefectcfabrum
943 1338 1077 1415 Antonii,

98 1424 254 1484 absentem
268 1423 412 1496 relatum,
440 1422 605 1501 expedivit.
651 1420 742 1490 Quod
763 1422 794 1481 in
809 1424 962 1501 praesenti
976 1428 1079 1484 utrum

100 1509 128 1569 ei
150 1508 332 1569 laboriosius
352 1527 391 1568 an
414 1507 578 1585 gloriosius
599 1506 704 1581 fuerit,
729 1506 853 1567 difficile
867 1511 915 1568 est
928 1508 1076 1569 iudicare:

98 1594 174 1655 nisi
204 1593 283 1673 quod
305 1595 338 1654 in
360 1612 464 1653 eorum
485 1593 628 1672 periculis
651 1612 712 1654 non
731 1611 818 1652 secus
833 1594 972 1654 absentes
988 1613 1078 1673 quam
1101 1592 1142 1657 15

101 1687 276 1761 praesentes
292 1679 403 1740 amicos
418 1678 521 1739 Attico
536 1697 604 1739 esse
619 1696 709 1740 curae
724 1679 878 1758 cognitum
893 1683 948 1740 est

184 1765 291 1843 Neque
337 1783 410 1825 vero
454 1764 507 1824 ille
547 1765 647 1824 minus
690 1765 786 1824 bonus
828 1765 1046 1844 paterfamilias
1078 1766 1164 1829 XIII

98 1851 219 1912 habitus
235 1853 281 1911 est
296 1869 384 1929 quam
400 1849 483 1911 civis.
512 1849 591 1911 Nam
606 1871 675 1912 cum
690 1854 772 1910 esset
785 1851 975 1930 pecuniosus,
988 1870 1077 1912 nemo

99 1937 152 1998 illo
176 1937 274 1996 minus
296 1936 354 1996 fuit
376 1955 481 2012 emax,
503 1936 603 1996 minus
625 1936 806 1997 aedificator.
851 1935 959 2017 Neque
978 1940 1079 1998 tamen
1148 1960 1151 1969 ·

99 2042 159 2083 non
184 2023 215 2081 in
238 2022 345 2101 primis
366 2022 442 2083 bene
463 2021 615 2083 habitarit
640 2021 837 2102 omnibusque
853 2023 974 2102 optimis
988 2024 1079 2084 rebus
1100 2020 1144 2087 20

100 2128 173 2168 usus
189 2112 242 2168 est.
277 2107 356 2169 Nam
371 2109 494 2169 domum
510 2107 616 2168 habuit
629 2108 661 2169 in
676 2107 754 2168 colle
770 2107 923 2177 Quirinali
938 2108 1079 2189 Tamphi-

98 2195 212 2256 lianam
227 2195 264 2254 ab
280 2195 429 2256 avunculo
444 2193 614 2255 hereditate
628 2193 781 2255 relictam:
805 2194 890 2253 cuius
913 2196 1079 2257 amoenitas

100 2300 159 2342 non
184 2279 334 2355 aedificic,
359 2281 414 2341 sed
436 2279 516 2342 silua
539 2280 703 2342 constabat.
749 2279 855 2360 Ipsum
871 2280 951 2341 enim
965 2282 1080 2342 tectum

99 2365 267 2444 antiquitus
292 2366 489 2426 constitutum
513 2366 583 2446 plns
610 2366 798 2427 salubritatis
826 2384 916 2444 quam
940 2372 1080 2448 sumptus

100 2451 244 2514 habebat:
259 2451 291 2511 in
307 2471 363 2530 quc
379 2451 455 2512 nihil
470 2454 680 2526 commutavit,
704 2451 761 2512 nisi
785 2452 812 2512 si
834 2452 906 2531 quid
927 2457 1079 2514 vetustate
1100 2449 1143 2514 25

100 2540 222 2597 coaetus
237 2541 291 2597 est.
328 2535 408 2598 Usus
424 2541 471 2598 est
486 2537 610 2613 familia,
626 2539 652 2599 si
667 2537 799 2600 utilitate
813 2537 1009 2599 iudicandum
1023 2541 1078 2612 est,

100 2623 229 2704 optima:
246 2623 271 2683 si
286 2622 392 2698 forma,
408 2624 464 2684 vix
477 2623 630 2684 mediocri.
653 2623 792 2703 Namque
803 2625 835 2684 in
846 2641 882 2683 ea
895 2629 982 2685 erant
993 2624 1079 2705 pueri

98 2709 321 2784 litteratissimi,
338 2712 523 2787 anagnostae
538 2709 645 2789 optimi
660 2713 691 2769 et
705 2708 828 2789 plurimi
843 2709 976 2787 librarii,
992 2714 1078 2770 utne

99 2794 298 2874 pedissequus
320 2795 442 2874 quidem
466 2794 624 2875 quisquam
647 2804 741 2869 esset,
765 2795 816 2874 qui
839 2814 898 2856 non
918 2799 1080 2875 utrumque

98 2879 206 2940 horum
221 2881 347 2960 pulchre
362 2881 461 2943 facere
482 2884 599 2961 posset:
626 2881 692 2960 pari
713 2880 802 2942 modo
823 2880 954 2941 artifices
976 2882 1078 2957 ceteri,
1102 2879 1145 2944 30

100 2983 175 3044 quos
191 2966 290 3025 cultus
305 2967 487 3028 domesticus
503 2966 669 3043 desiderat,
693 2966 830 3047 apprime
850 2966 929 3027 boni.
974 2967 1081 3049 Neque

101 3052 204 3111 tamen
219 3069 323 3112 eorum
338 3072 519 3133 quemquam
531 3052 589 3114 nisi
605 3051 687 3114 domi
702 3056 807 3113 natum
821 3051 962 3133 domique
976 3053 1080 3116 fictum

100 3136 221 3198 habuit:
251 3136 329 3216 quod
355 3142 402 3199 est
427 3139 548 3218 signum
575 3158 635 3200 non
662 3137 759 3200 solum
785 3139 1001 3215 continentiae,
1027 3138 1082 3200 sed

101 3222 194 3284 etiam
202 3222 387 3300 diligentiae.
410 3223 440 3285 N
441 3244 490 3286 am
501 3227 532 3285 et
543 3244 603 3286 non
611 3224 849 3306 intemperanter
861 3226 1080 3306 concupiscere,

100 3308 214 3388 quoda
233 3308 372 3388 plurimis
394 3308 460 3370 fieri
486 3309 607 3386 videas,
636 3311 817 3373 continentis
844 3311 933 3371 debet
958 3310 1028 3370 duci
1050 3311 1082 3371 et
1102 3306 1145 3371 35

100 3394 201 3475 potius
226 3394 377 3456 industria
402 3414 491 3475 quarn
517 3396 614 3475 pretio
638 3416 746 3477 parare
767 3417 827 3459 non
848 3394 1008 3456 mediocris
1034 3396 1081 3457 est

99 3480 286 3560 diligentiae.
331 3478 482 3560 Elegans,
509 3500 570 3542 non
590 3482 783 3561 magnificus:
806 3479 996 3561 splendidus,
1022 3500 1081 3543 non

101 3570 311 3655 sumptuosus:
327 3566 483 3648 omnisque
498 3566 657 3648 diligentia
671 3566 865 3642 munditiam,
881 3586 942 3628 non
957 3566 1081 3630 affluen-
