2504 4080
200 246 242 312 88
535 245 623 307 XVI.
647 244 842 309 PHOOION.

200 426 247 481 sat
248 439 298 493 us,
326 418 406 516 quod
430 416 591 504 Piraeeum
606 416 752 479 Nicanori
777 418 970 498 prodidisset,
999 439 1040 480 ex
1067 423 1191 484 consilii

201 503 374 565 sententia
365 523 398 563 ιιι
413 490 581 565 custodiam
596 504 803 565 coniectusAt
804 505 897 566 henas
913 505 1066 566 deductus
1082 516 1137 583 est,
1154 514 1188 570 ut

200 589 242 650 ihi
258 589 378 668 legibus
394 589 432 651 de
447 610 482 652 eo
496 591 584 651 fieret
598 590 752 650 iudicium.

132 677 180 739 IV
288 676 358 737 Huc
380 680 561 757 perventum
583 679 646 750 cet,
674 695 743 736 cum
768 675 834 756 ipse
861 694 930 737 cum
950 677 1015 737 suis
1043 678 1185 740 vehiculo

158 760 179 824 5
201 766 382 843 portaretur.
427 763 535 842 Magni
550 781 713 823 concursus
728 765 798 822 sunt
816 762 902 837 facti,
928 783 998 824 cum
1019 761 1076 824 alii
1097 765 1185 825 remi-

201 850 352 911 niscentes
367 849 479 910 veteris
493 850 592 910 famae
607 849 715 909 aetatis
727 848 951 924 misererentur,
966 850 1097 928 plurimi
1111 870 1185 912 vero

202 937 248 997 ira
262 938 484 997 exacuerentur
498 939 622 1016 propter
642 934 822 1015 proditionis
845 934 1051 1015 suspicionem
1066 935 1179 999 Piracei

202 1022 396 1101 maximeque
417 1022 496 1101 quod
518 1021 665 1082 adversus
688 1020 793 1101 populi
808 1021 1010 1082 commodam
1027 1024 1176 1084 senectute

202 1112 336 1176 steterat¹
383 1105 452 1174 Qua
477 1107 515 1166 de
538 1125 572 1166 re
597 1126 635 1165 ne
661 1106 822 1186 perorandi
849 1107 970 1186 quidem
991 1107 1020 1167 ei
1044 1108 1118 1170 data
1134 1110 1176 1168 eet

33 1194 36 1199 ’
91 1180 104 1207 ’
139 1192 180 1256 10
201 1193 330 1254 facultas
344 1195 376 1252 et
396 1191 518 1252 dicendi
538 1210 660 1253 causam
681 1192 712 1251 in
734 1191 857 1266 iudicio;
885 1193 1033 1271 legitimis
1063 1194 1180 1274 quibus

203 1280 273 1339 dam
289 1277 432 1338 confectis
448 1278 609 1339 damnatus
624 1278 753 1339 traditus
768 1282 815 1338 est
829 1278 1060 1356 undecimis,
1077 1280 1184 1360 quibus

204 1365 242 1424 ad
258 1364 440 1445 supplicium
461 1383 545 1425 more
560 1363 790 1425 Atheniensium
809 1364 930 1444 publice
945 1365 1083 1426 damnati
1105 1364 1184 1426 tradi

202 1451 308 1513 solent.
355 1450 416 1511 Hic
441 1469 508 1511 oum
535 1450 574 1511 ad
589 1453 717 1510 mortem
740 1450 913 1524 duceretur,
942 1451 1052 1511 obvius
1075 1450 1105 1512 ei
1127 1451 1186 1512 fuit

202 1536 400 1617 Euphiletus,
424 1556 483 1616 quo
506 1536 696 1598 familiariter
718 1536 817 1597 fuerat
836 1555 917 1598 usus
962 1538 995 1596 Is
1010 1536 1186 1598 cumlacri·

140 1621 180 1686 15
202 1620 992 1703 mansdixissetOquamiudignaperpeteris,
1006 1621 1183 1699 Phocion,

202 1710 274 1768 huic
288 1709 341 1769 ille
356 1707 406 1768 ht
420 1727 491 1768 non
506 1708 721 1787 inopinata,
737 1708 843 1788 inquit,
866 1709 961 1768 huno
976 1708 1079 1769 enim
1098 1708 1184 1768 exi·

203 1804 278 1855 tum
293 1794 469 1874 plerique
481 1794 663 1854 clariviri
675 1793 1181 1856 habueruntAthenienses.

203 1879 279 1943 Cum
292 1879 471 1961 proditionis
487 1879 648 1941 damnatus
661 1882 751 1954 esset,
773 1899 832 1940 non
847 1880 933 1940 licuit
947 1899 1017 1940 eum
1030 1880 1064 1940 in
1079 1878 1189 1943 Attica-

202 1966 333 2047 sepeliri.
377 1966 487 2045 Itaque
503 1963 658 2046 Oenopion
673 1966 810 2045 quidam,
832 1967 883 2045 qui
904 1966 1044 2026 mercede
1072 1966 1185 2026 condu-

139 2053 233 2118 20t
203 2059 269 2114 otus
281 2053 312 2114 id
323 2054 423 2114 facere
435 2052 552 2114 solebat
539 2055 685 2131 tcorpus
694 2052 726 2111 in
741 2052 867 2112 confinio
878 2052 1047 2132 Megaridis
1062 2052 1187 2113 combu-

202 2141 331 2202 rendum
351 2139 485 2218 suscepit
472 2138 670 2199 tadiuvante
696 2137 852 2197 muliere
843 2138 1018 2216 Megarensi
1039 2156 1108 2198 cum
1130 2157 1183 2198 an-

204 2226 297 2303 cillis
324 2243 401 2305 quae
427 2243 496 2285 ossa
518 2223 583 2284 eius
608 2242 712 2284 secum
738 2224 859 2284 domum
881 2223 949 2284 abst
950 2224 1064 2285 ulitet
1032 2228 1183 2304 etprope

203 2312 304 2372 focum
327 2309 474 2384 condidit,
449 2314 567 2370 curn
587 2309 701 2370 dicere
723 2309 822 2384 Tibi,
848 2328 972 2370 ocare
997 2310 1095 2384 foce,
1113 2310 1183 2369 has

205 2395 409 2476 viriprcbi
432 2394 624 2475 reliquias
650 2395 858 2459 committo
827 2414 859 2470 o,
885 2400 924 2455 tu
950 2413 1015 2456 eas
1039 2357 1184 2457 reddas

141 2482 183 2548 25
206 2481 369 2543 tumulis
384 2481 539 2563 patriis,
557 2478 1184 2542 oumAtheniensesadsanitatem

205 2567 558 2646 redirecoeperint.

154 2658 184 2719 V
290 2653 452 2715 Brevit
400 2656 452 2715 aut
453 2674 501 2714 em
511 2657 648 2734 tempore
658 2655 779 2733 peracto
794 2672 862 2713 oum
873 2672 923 2713 res
934 2652 1019 2733 ipsae
1030 2653 1189 2728 docerent,

204 2742 325 2888 qualem
346 2744 489 2823 praecept
490 2742 626 2800 cremet
647 2740 831 2800 custodemt
818 2743 973 2837 temperari
975 2739 1037 2800 tiae
1052 2742 1084 2799 et
1098 2738 1188 2800 iusti

204 2830 265 2888 tiae
280 2829 410 2926 populus
425 2827 590 2902 amisisset,
563 2826 748 2886 tstatuam
774 2844 897 2886 aeneam
918 2826 947 2885 ei
968 2831 1133 2886 erexerunt
1155 2827 1187 2886 ct

140 2908 183 2973 30
206 2931 275 2972 ossa
296 2914 379 2993 publ
371 2933 417 2975 ico
439 2916 563 2994 sumptu
586 2912 724 3010 sepulcro
747 2911 953 2972 condiderunt.
998 2908 1049 2970 Ex
1062 2929 1190 2974 accusa

205 2997 322 3057 toribus
342 3017 415 3060 vero
430 2999 612 3078 Agnoniden
634 2998 713 3078 capit
714 2997 740 3057 is
700 2996 965 3060 t'damnatum
956 3000 1001 3057 1nt
990 2997 1189 3072 terfccerunt,

205 3081 373 3162 Epicurum
399 3086 429 3143 et
454 3084 681 3165 Demophilum,
718 3084 769 3164 qui
801 3104 841 3143 ex
873 3084 949 3143 urbe
977 3083 1189 3162 profugerant,

206 3168 326 3229 Phocus
340 3168 422 3228 filius
437 3174 542 3249 postea
556 3170 639 3230 ultus
654 3173 708 3230 est.
755 3168 840 3238 Quae
863 3171 964 3229 eutem
979 3169 1017 3228 de
1032 3166 1187 3230 Phocione

205 3255 288 3316 facta
317 3256 418 3328 erant,
452 3255 564 3334 populo
590 3253 723 3316 Socratis
747 3254 924 3317 memoriam
949 3257 1190 3330 renovaverunt,

142 3341 184 3404 35
208 3341 294 3403 cuius
329 3340 481 3401 damnatio
519 3340 611 3400 simili
648 3341 820 3404 calamitate
849 3340 1006 3401 civitatem
1034 3338 1190 3402 affecerat.

206 3427 339 3490 Phocion
353 3426 385 3487 in
400 3424 489 3486 hellis
505 3444 573 3486 cum
588 3426 739 3507 Philippo,
762 3425 961 3488 Macedonum
976 3445 1064 3506 rege,
1088 3426 1191 3506 gestis

207 3515 340 3576 maxime
377 3531 500 3593 operam
534 3511 720 3591 reipublicae
749 3516 931 3587 navaverat3
966 3512 1127 3591 quinquies
1156 3512 1190 3572 et

207 3599 390 3679 quadragies
410 3597 595 3660 exercitibus
614 3599 787 3680 praefuerat
806 3618 866 3659 uno
889 3598 1023 3660 omnium
1038 3616 1189 3661 consensu
