2504 4080
179 241 222 307 38
499 240 553 302 Vl.
578 236 840 302 ALCIBIADES.

179 413 212 476 in
225 411 358 493 gratiam
373 410 496 473 rediret.
540 410 704 473 Praeterea
718 411 798 473 inter
812 409 897 492 Agin
910 429 1017 492 regem
1032 413 1064 473 et
1078 409 1166 474 Aioi-

179 499 301 560 biadem
314 496 601 559 vehementissimae
615 496 793 558 inimicitiae
806 496 1050 558 intercesserant.
1100 497 1165 560 Ita·

179 603 240 665 que
259 586 380 665 tempus
401 582 468 644 aius
491 582 695 645 interficiundi
710 602 856 664 quaerere
870 581 1079 644 instituerunt.
1126 582 1166 645 Id

179 664 356 743 Alcibiades
385 667 501 731 diutius
530 667 624 729 celari
653 687 713 729 non
742 668 850 748 potuit.
907 665 985 730 Erat
1012 667 1098 731 enim
1128 686 1165 731 aa

137 753 159 818 5
181 753 358 834 sagacitate,
373 757 408 816 ut
423 754 522 836 decipi
537 772 597 817 uon
608 756 723 834 posset,
744 753 925 837 praesertim
941 772 1011 817 oum
1026 753 1166 816 animum

181 838 364 903 intendisset
378 841 417 904 ad
432 839 610 902 cavendum.

97 923 160 990 VII
266 926 375 1008 Itaque
390 925 431 987 ad
444 925 690 1006 Tissaphernem,
705 925 895 1006 praefectum
908 923 995 986 Darii
1009 924 1105 1005 regis,
1132 944 1165 986 se

181 1011 319 1095 eontulit.
364 1007 460 1072 Cuius
483 1029 552 1074 cum
572 1011 605 1071 iu
625 1009 763 1072 intimam
783 1009 951 1073 amicitiam
970 1009 1166 1091 pervenisset

182 1102 214 1158 et
227 1095 461 1159 Atheniensium
476 1096 557 1157 male
578 1095 675 1176 gestis
697 1094 850 1157 indicitis
868 1097 960 1157 rebus
981 1114 1055 1176 opes
1077 1114 1165 1158 sene·

122 1181 163 1248 10
185 1201 281 1257 scere,
306 1184 413 1242 contra
426 1180 735 1243 Lacedaemoniorum
750 1201 887 1244 crescere
913 1181 1049 1257 videret,
1075 1181 1164 1243 initio

181 1287 251 1330 oum
261 1264 420 1343 Pisandro,
435 1265 573 1349 principe
587 1266 788 1348 optimatium,
805 1267 857 1348 qui
872 1267 904 1330 in
919 1267 1060 1329 exercitu
1082 1266 1166 1349 apud

70 1391 76 1403 ·
182 1351 308 1414 Samum
329 1354 409 1427 erat,
442 1370 498 1435 per
525 1352 728 1414 internuntios
749 1352 931 1434 colloquitur
950 1356 982 1415 et
1002 1353 1041 1413 de
1062 1352 1165 1414 reditu

181 1457 240 1500 suo
256 1437 330 1501 facit
343 1437 541 1513 mentionem
564 1441 693 1519 uterque
712 1437 795 1499 enim
810 1439 910 1500 alieno
926 1439 1028 1500 animo
1042 1440 1110 1500 erat
1126 1439 1164 1502 ab

182 1522 344 1600 Androcle,
360 1525 437 1587 duce
460 1525 600 1587 factionis
619 1523 784 1607 popularis.
828 1523 989 1586 Pollicitus
1010 1526 1114 1586 autem
1136 1524 1165 1585 ei

120 1606 162 1674 15
184 1614 245 1685 est,
266 1631 300 1672 se
320 1613 351 1672 et
372 1610 608 1692 Tissaphernem
630 1613 661 1671 et
680 1629 787 1689 regem
801 1608 966 1671 Persarum
981 1629 999 1671 a
1013 1609 1165 1672 Lacedae·

183 1695 292 1757 moniis
313 1695 516 1757 alienaturum
537 1705 651 1758 etcum
666 1694 903 1758 Atheniensibus
924 1695 1164 1758 conciliaturum.

184 1778 263 1842 (ium
286 1799 360 1842 vero
389 1779 540 1842 Pisander
564 1800 619 1861 pro
644 1782 747 1861 legato
775 1781 815 1843 ad
840 1785 994 1863 satrapam
1017 1781 1166 1859 venisset,

183 1864 361 1929 Alcibiades
381 1865 483 1927 verbis
504 1865 593 1927 huius
607 1884 660 1927 eas
682 1866 874 1929 condiciones
895 1867 1068 1949 proposuit,
1091 1884 1167 1947 quas

183 1950 334 2014 Pisander
352 1951 412 2013 sihi
431 1952 600 2013 reiciendas
623 1951 822 2015 existimaret.
867 1953 945 2014 Tum
967 1953 1005 2015 ab
1021 1972 1057 2014 eo
1072 1952 1166 2015 desti·

119 2034 164 2102 20
185 2038 269 2098 tutus
284 2037 417 2119 primum
431 2057 486 2118 per
500 2037 741 2118 Thrasybulum,
757 2037 834 2119 Lyci
848 2036 959 2114 filium,
975 2038 1013 2100 ab
1028 2037 1168 2101 exercitu

184 2121 817 2290 {titubabitur}ituit
834 2121 1013 2271 laiht?
1027 2128 1168 2290 tiliis

185 2294 294 2354 absens
328 2293 456 2374 imperio
486 2294 663 2374 praeficitur
695 2294 786 2357 simul
819 2312 889 2356 cum
916 2294 1110 2376 Thrasybulo
1136 2296 1167 2355 at

184 2377 382 2441 Theramene.
427 2378 547 2441 Horum
561 2380 593 2442 in
607 2380 736 2463 imperio
751 2382 838 2442 tanta
853 2381 1048 2442 commutatio
1063 2399 1166 2441 rerum

121 2461 164 2528 26
185 2464 268 2527 facta
283 2466 339 2542 est,
354 2466 389 2525 ut
403 2464 643 2541 Lacedaemonii,
668 2467 719 2548 qui
733 2467 824 2549 paulo
840 2472 910 2527 ante
930 2467 1063 2527 victores
1077 2466 1166 2547 vigu-

184 2552 280 2626 erant,
296 2550 451 2632 perterriti
464 2569 571 2633 pacem
585 2555 732 2634 peterent.
776 2552 860 2613 Victi
874 2551 956 2613 enim
977 2553 1064 2613 erant
1079 2551 1167 2631 quin·

185 2655 244 2718 que
252 2636 377 2737 proeliis
388 2637 593 2737 terrestribus,
606 2637 702 2700 tribus
714 2638 883 2713 navalibus,
895 2637 926 2698 in
939 2637 1049 2718 quibus
1056 2637 1168 2782 (1110οηί

121 2888 165 2957 ao
184 2724 1168 2958 {t}cithiidhitittthtijirtitei?mlttplfipittntffr

186 2911 255 2955 oum
285 2914 319 2957 oo
346 2916 363 2956 e
387 2917 412 2957 rs
441 2915 511 2958 rece
533 2916 587 2958 era
650 2915 668 2956 a
699 2915 747 2956 em
794 2914 894 2968 omae,
964 2914 1039 2955 eea
1062 2913 1101 2955 on
1136 2911 1168 2955 m

185 2982 307 3060 praeter
327 2915 488 3060 Abgydum,
509 2916 802 3062 Aulasppraeterea
816 2981 907 3041 urbes
923 2914 1067 3055 Graecei),
1092 2997 1170 3059 quae

185 3066 218 3124 iu
229 3083 283 3128 ora
292 3064 369 3125 sitae
377 3068 448 3127 sunt
456 3065 610 3141 Thraciae,
623 3084 750 3146 quarum
762 3069 977 3146 expugnarant
988 3064 1170 3146 complures,

186 3151 218 3211 in
233 3149 281 3211 his
295 3148 487 3230 Byzantium,
501 3170 600 3231 neque
615 3151 716 3211 minus
730 3151 843 3212 multas
863 3152 989 3213 consilio
1011 3151 1050 3213 ad
1065 3150 1168 3214 amici·

187 3236 261 3298 tiam
282 3235 498 3309 adiunxerant,
522 3236 603 3316 quod
623 3236 654 3296 in
675 3237 780 3316 captos
800 3236 1097 3299 clementiafuerant
1111 3235 1169 3296 usi.

121 3317 166 3383 35
186 3323 236 3384 Ita
246 3340 297 3382 res
308 3318 616 3383 Lacedaemoniorum
625 3321 801 3383 debilitatae
812 3326 891 3398 sunt,
907 3321 1088 3403 praesertim
1100 3339 1170 3383 cum

191 3406 424 3490 Tissaphernes,
447 3406 597 3488 impulsus
613 3408 651 3469 ab
667 3405 827 3468 Alcibiade
848 3408 888 3489 (is
908 3409 989 3469 enim
1006 3407 1035 3468 ei
1050 3426 1175 3489 persua·

188 3496 271 3555 serat
305 3492 471 3573 potentium
500 3492 808 3555 Lacedaemoniorum
836 3494 927 3556 rebus
951 3492 1085 3554 Persicis
1111 3510 1173 3556 non

188 3574 289 3637 minus
310 3576 512 3659 periculosam
535 3578 616 3654 fore,
640 3599 730 3660 quam
751 3578 985 3642 Atheniensium
999 3576 1123 3662 fuisset)
1139 3582 1171 3640 at
