2504 4080
461 265 646 331 urricus.
980 271 1041 333 131

63 442 135 519 post
149 439 351 500 calamitatem
366 458 524 501 uersuram
539 440 638 501 facere
654 441 810 519 potuisset,
834 442 935 503 illese
950 443 1042 504 inter·

62 525 164 605 posuit
178 526 397 604 pecuniamque
411 525 477 586 sine
492 526 595 587 fenore
617 526 741 606 sineque
761 528 826 587 ulla
847 528 1042 607 stipulatione

64 610 209 684 credidit,
234 611 400 673 maximum
424 612 603 671 existimans
619 617 778 690 quaestum
793 632 957 674 memorem
971 634 1041 693 gra-

64 700 189 774 1111111
205 697 345 775 cognosci
367 697 516 777 simulque
535 699 653 777 aperire
676 719 710 758 se
731 717 791 758 non
811 699 962 775 fortunae,
987 701 1041 761 sed

63 783 234 843 hominibus
249 783 348 843 solere
362 802 430 843 esse
445 783 583 844 amicum.
601 782 688 854 Quae
704 804 773 845 cum
787 784 930 861 faciebat,
953 806 1040 848 nemo
1062 787 1085 851 5

64 888 133 928 eum
155 869 299 947 temporis
322 888 413 930 causa
434 870 533 929 facere
555 874 675 950 poterat
690 870 873 931 existimare.
918 870 1042 932 Nemini

62 954 143 1014 enim
164 954 196 1013 11
217 955 390 1034 opinionem
412 956 555 1016 veniebat
568 956 735 1017 Antonium
749 976 851 1016 rerum
865 958 1042 1036 potiturum.

62 1037 122 1100 Sed
138 1039 250 1100 sensim
266 1040 292 1098 is
308 1060 326 1100 a
340 1042 493 1101 nonnullis
516 1042 726 1121 optimatibus,
750 1044 814 1102 eius
829 1042 1041 1119 familiaribus,

61 1126 352 1205 reprehendebatur,
376 1128 456 1205 quod
477 1147 585 1207 parum
600 1128 700 1189 odisse
715 1129 810 1189 malos
826 1129 908 1189 cives
923 1129 1041 1189 ridere-

62 1216 119 1273 tur.
144 1211 203 1270 Ille
218 1215 319 1270 autom
335 1213 381 1272 sui
396 1213 499 1273 iudicii
515 1215 622 1292 potius,
639 1215 710 1292 quid
726 1234 759 1274 se
774 1215 873 1275 facere
884 1235 940 1295 par
951 1217 1040 1292 esset,
1063 1214 1107 1279 10
1167 1228 1171 1237 “

61 1297 242 1371 intuebatur,
260 1317 349 1376 quarn
364 1299 436 1377 quid
452 1299 504 1358 alii
518 1300 671 1359 laudaturi
685 1301 793 1360 forent.

86 1482 89 1489 '
148 1465 302 1529 Conversa
324 1469 423 1529 subito
444 1469 566 1529 fortuna
580 1472 634 1529 est.
680 1467 722 1530 Ut
735 1466 886 1529 Antonius
902 1470 993 1529 rediit
1006 1471 1039 1531 in
1061 1471 1094 1533 X

61 1555 198 1630 Italiam,
221 1576 309 1615 nemo
334 1574 394 1614 non
416 1573 526 1632 magno
548 1555 579 1614 in
600 1554 734 1634 periculo
758 1553 894 1615 Atticum
917 1558 1040 1634 putarat

59 1648 183 1721 propter
198 1642 336 1700 intimam
350 1639 589 1701 familiaritatem
603 1638 756 1700 Ciceronis
771 1646 802 1700 et
813 1640 907 1701 Bruti.
931 1642 1041 1720 ltaque

61 1728 99 1788 ad
116 1729 281 1786 adrentum
296 1726 511 1804 imperatorum
526 1726 563 1785 de
578 1728 642 1786 foro
655 1727 835 1800 decesserat,
852 1726 960 1786 timens
972 1748 1040 1807 prc-
1063 1726 1104 1790 15

61 1813 265 1891 scriptionem,
281 1812 455 1890 latebatque
466 1813 546 1891 apud
558 1812 591 1871 P.
606 1812 811 1887 Volumnium,
826 1813 883 1886 cui,
896 1819 1040 1873 11111111-

61 1899 169 1972 dimus,
186 1898 288 1977 paullo
304 1904 374 1958 ante
390 1918 477 1977 opem
492 1900 618 1959 tulerat:
642 1904 726 1959 tanta
741 1898 949 1959 1111111111111
965 1902 1040 1958 tem-

62 1985 185 2064 poribus
210 1984 268 2043 fuit
292 1984 444 2057 fortunae,
471 1988 506 2043 ut
531 1986 619 2045 modo
642 1985 673 2044 hi
696 1985 784 2044 modo
808 1984 854 2043 1111
876 1983 1039 2044 insummo

60 2074 163 2144 essent
173 2073 225 2129 aut
236 2070 358 2150 fastigio
370 2074 422 2130 aut
437 2070 584 2150 periculo:
601 2071 790 2149 habebatque
802 2090 904 2130 secum
916 2068 952 2138 c.
968 2066 1038 2130 Gel-

60 2156 135 2215 lium
152 2153 276 2231 Canum,
298 2156 455 2234 aequalem
470 2156 718 2236 simillimumque
740 2157 794 2216 sui.
839 2154 906 2216 Hoc
921 2175 1040 2234 quoque
1060 2152 1103 2218 20

61 2250 108 2300 ost
122 2240 216 2301 Attici
231 2242 375 2302 bonitatis
390 2242 579 2321 exemplum,
604 2244 682 2322 quod
704 2262 772 2303 cum
787 2261 839 2318 cc,
862 2261 952 2320 quem
967 2261 1038 2320 pue-

60 2348 128 2387 rum
142 2328 173 2386 in
188 2327 260 2387 ludo
276 2334 434 2406 cognorat,
452 2330 526 2389 adeo
543 2329 700 2389 coniuncte
717 2328 812 2402 vixit,
836 2330 870 2387 ut
885 2328 924 2387 ad
940 2332 1039 2387 extre-

60 2432 141 2472 mam
157 2416 287 2473 aetatem
303 2413 436 2474 amicitia
451 2433 555 2474 eorum
570 2415 708 2474 creverit
753 2413 905 2473 Antonius
927 2426 1037 2485 autem,
1064 2488 1070 2497 ,

61 2499 118 2558 etsi
141 2500 223 2558 tanto
248 2497 317 2557 odio
334 2499 488 2559 serebatur
502 2500 534 2560 11
550 2497 741 2573 Ciceronem,
765 2504 873 2559 utnon
888 2500 986 2559 solum
1001 2498 1038 2572 ei,

61 2586 114 2644 sed
130 2585 221 2645 ctiam
243 2584 381 2644 omnibus
401 2585 466 2644 eius
481 2585 585 2647 amicis
601 2592 682 2645 esset
694 2585 834 2644 inimicus
850 2604 960 2661 eosque
975 2583 1039 2642 111-
1061 2579 1103 2644 25

59 2672 103 2730 lot
124 2670 313 2751 proscribere
336 2670 440 2729 multis
462 2670 667 2745 hortantibus,
690 2673 792 2730 tamen
814 2667 910 2729 Attici
924 2686 1040 2728 memor

60 2757 118 2816 fuit
132 2757 222 2817 officii
238 2760 269 2817 et
284 2756 325 2830 ei,
350 2775 418 2815 cum
433 2756 610 2833 requisisset
625 2756 746 2815 ubinam
762 2758 857 2829 esset,
879 2773 934 2813 sua
947 2772 1040 2813 manu

61 2842 191 2920 scripsit,
215 2862 253 2902 ne
268 2843 389 2902 timeret
405 2842 566 2920 statimque
590 2841 629 2901 ad
650 2860 683 2900 se
703 2840 837 2900 veniret:
862 2858 895 2899 se
917 2859 986 2899 eum
1007 2840 1039 2901 et

60 2928 142 2988 illius
165 2946 256 2986 causa
278 2926 394 2988 Canum
416 2929 454 2987 de
475 2928 712 3007 proscriptorum
731 2945 856 2986 numero
879 2925 1037 2985 exemisse.

59 3013 106 3073 Ac
121 3033 158 3072 ne
174 3014 253 3091 quod
268 3014 435 3091 periculum
450 3013 605 3087 incideret,
627 3012 707 3090 quod
723 3014 813 3072 noctu
827 3011 930 3085 1111111,
951 3030 1036 3091 prae·
1058 3008 1100 3072 30

61 3100 171 3159 sidium
187 3098 214 3157 ei
230 3099 319 3159 misit.
359 3098 410 3158 Sic
424 3098 546 3159 Atticus
561 3099 591 3160 in
606 3118 724 3158 summo
741 3098 848 3159 timore
863 3117 921 3158 non
938 3099 1037 3158 solum

60 3186 127 3259 sibi,
143 3186 196 3244 sed
212 3185 302 3244 etiam
318 3185 346 3244 11
361 3185 652 3263 quemcarissimum
663 3185 794 3245 habebat
804 3185 954 3263 praesidio
970 3182 1034 3242 fuit.

59 3271 165 3351 Neque
188 3271 268 3331 enim
289 3290 360 3331 suae
381 3271 479 3330 solum
494 3289 512 3330 a
527 3289 676 3351 quoquam
691 3270 840 3331 auxilium
854 3270 942 3350 petiit
957 3268 1037 3327 salu-

60 3358 114 3433 tis,
136 3359 190 3418 sed
205 3358 250 3416 ita
264 3356 364 3436 petiit,
389 3361 423 3417 ut
438 3363 598 3437 appareret
612 3356 727 3416 nullam
742 3356 910 3417 seiunctam
924 3354 982 3412 sibi
997 3353 1035 3413 ab

60 3463 95 3503 eo
110 3444 191 3504 11111
205 3444 364 3503 fortunam.
410 3442 500 3511 Quod
521 3443 547 3502 si
566 3444 749 3521 gubernator
770 3441 933 3521 praecipua
946 3437 1035 3500 laude
1056 3433 1098 3498 35

59 3529 163 3603 fertur,
179 3530 230 3609 qui
245 3548 356 3590 navem
370 3549 411 3588 cx
425 3529 525 3588 hieme
536 3528 671 3607 marique
682 3526 838 3607 scopuloso
854 3526 966 3601 serrat,
979 3542 1035 3601 'cur

58 3633 119 3677 non
134 3615 298 3696 singularis
313 3616 377 3676 eius
393 3615 584 3677 existimetur
598 3614 767 3695 prudentia,
783 3611 834 3691 qni
849 3630 890 3672 ex
904 3614 949 3671 tot
960 3614 1035 3670 tarn-

533 3721 536 3725 .
855 3710 888 3765 q,
