2504 4080
386 251 462 314 XII.
485 250 797 315 EPAMINONDAS.
1043 253 1085 318 75

99 424 184 486 tione
198 422 254 483 illa
269 421 525 503 splendidissima,
541 424 579 485 de
594 443 654 503 qua
669 424 812 500 diximus,
837 425 869 485 in
884 423 1085 490 Lacedaemo·

98 510 221 572 niorum
243 508 418 589 superbiam
441 511 472 569 et
494 511 701 590 arrogantiam
721 511 860 589 graviter
874 512 1014 573 invectus
1028 518 1083 574 est.

99 595 171 666 Quo
194 595 227 655 in
249 597 402 656 conventu
427 614 496 655 cum
511 601 659 676 posceret,
686 599 722 656 ut
735 595 968 658 Lacedaemonii
993 599 1085 661 liber·

98 684 197 742 tatem
211 681 333 740 urbium
348 679 498 741 Laconiae
513 682 717 756 restituerent,
734 682 760 741 si
774 683 891 743 vellent
905 682 988 762 ipsos
1002 685 1084 763 prin-

98 767 236 847 cipatum
260 765 406 827 Boeotiae
437 766 604 841 dimittere,
636 766 802 846 Agesilaus
833 787 943 829 nomen
968 766 1127 831 Theba-5

78 894 80 898 -
99 871 209 914 norum
224 871 265 912 ex
278 870 405 912 numero
421 870 526 914 earum
542 853 702 913 civitatum
716 853 855 929 sustulit,
878 872 956 932 quae
977 873 1084 934 pacem

99 938 167 999 fieri
182 938 307 1013 vellent,
323 938 422 1017 iisque
438 938 554 999 bellum
568 939 688 999 indixit.

187 1024 332 1084 Insecuta
358 1026 406 1084 est
430 1043 534 1104 pugna
560 1024 735 1100 Leuctrica,
771 1044 830 1104 qua
856 1024 1084 1109 Epaminondas
1107 1023 1141 1084 X

98 1108 371 1190 prudentissimum
394 1113 426 1170 et
445 1110 661 1190 belligerandi
684 1106 905 1191 peritissimum
927 1111 1036 1171 ducem
1050 1131 1084 1171 se

98 1194 269 1276 praestitit,
293 1195 374 1274 quod
389 1196 488 1276 magis
503 1196 595 1257 etiam
611 1196 816 1272 admirabere,
842 1197 868 1256 si
883 1197 1084 1277 reputaveris,
1109 1192 1150 1256 10

56 1308 59 1313 ·
98 1282 182 1342 huno
196 1300 257 1341 non
277 1300 345 1357 usu,
366 1281 420 1341 sed
436 1282 573 1343 doctrina
588 1285 619 1343 et
633 1282 751 1342 ratione
765 1282 811 1342 rei
825 1282 966 1343 militaris
989 1283 1085 1344 soien-

97 1366 175 1428 tiam
190 1368 364 1427 assecutum
380 1385 455 1428 esse.
493 1367 573 1428 Nam
589 1386 658 1428 oum
673 1367 810 1427 Thebani
825 1369 942 1430 animos
957 1388 1083 1448 prorsus

99 1451 294 1514 demisissent
309 1451 458 1533 imprimis
473 1458 597 1532 propter
611 1452 713 1513 omina
734 1451 882 1527 infausta,
906 1453 972 1533 ipse
994 1454 1086 1514 intre·

98 1537 191 1619 pidus
207 1536 334 1618 collegis
349 1540 454 1599 auctor
475 1538 546 1614 fuit,
569 1542 605 1598 ut
620 1535 827 1612 Cleombroto,
850 1538 918 1618 regi
931 1538 1085 1600 Lacedae·

99 1623 285 1698 monierum,
308 1624 444 1702 quicum
460 1624 597 1684 exercitu
612 1623 645 1684 in
659 1623 818 1685 Boeotiam
835 1623 993 1703 ingressus
1008 1628 1083 1699 erat,
1109 1617 1150 1681 15

99 1709 224 1770 obviam
246 1709 334 1770 irent.
380 1707 487 1769 Omnis
511 1710 724 1770 Thebanorum
751 1710 921 1786 exercitus,
950 1710 1085 1772 dimissis

99 1793 347 1874 Thespiensibus,
364 1814 491 1874 quorum
505 1795 580 1857 fides
595 1798 737 1875 suspecta
759 1796 929 1871 videretur,
953 1816 1007 1857 sex
1021 1797 1085 1857 fere

99 1880 222 1941 milium
242 1879 374 1941 militum
396 1881 468 1955 fuit,
493 1900 562 1941 oum
576 1880 886 1943 Lacedaemoniorum
908 1882 1028 1960 copiae,
1051 1886 1086 1943 ut
1152 1862 1167 1890 ‘

100 1966 242 2042 tradunt,
264 1965 357 2045 duplo
372 1967 502 2027 maiores
518 1971 627 2027 essent.
673 1966 751 2027 Tum
766 1966 993 2046 Epaminondas
1007 1967 1086 2027 illud

102 2050 182 2127 aciei
201 2070 299 2130 genus
313 2052 444 2126 invenit,
468 2054 548 2131 quod
568 2053 724 2132 obliquum
747 2053 916 2132 appellant,
938 2053 1084 2131 quodum
1107 2043 1150 2110 20

100 2137 206 2218 plures
221 2137 334 2198 milites
349 2138 381 2198 in
395 2137 527 2198 alterum
542 2157 637 2200 cornu
651 2139 855 2212 conferuntur,
877 2157 968 2218 quam
982 2138 1085 2200 hostes

99 2222 269 2297 conferunt,
284 2223 318 2282 ui
333 2223 420 2302 quasi
434 2223 564 2285 victoria
579 2225 617 2284 ab
629 2224 676 2284 his
689 2227 896 2303 extorquetur.
921 2221 1085 2284 Sinistrum

99 2308 198 2388 igitur
213 2326 306 2369 oornu
321 2309 542 2388 quinquaginta
556 2309 711 2370 ordinibus
724 2309 890 2370 consistere
901 2309 993 2383 iubet,
1011 2310 1086 2371 dex·

99 2396 183 2456 trum
199 2397 302 2455 autem
316 2396 421 2475 paucis
436 2394 593 2456 ordinibus
608 2396 792 2456 instructum
806 2395 955 2476 paulatim
970 2415 1003 2455 se
1015 2396 1085 2455 sub-

98 2478 222 2541 ducere.
267 2478 370 2560 Atque
391 2481 528 2560 equitatu
547 2480 857 2543 Lacedaemoniorum
879 2481 991 2542 reiecto
1013 2482 1086 2541 dum
1108 2470 1151 2537 25

99 2564 266 2646 Pelopidas
278 2584 347 2627 oum
359 2566 479 2627 delecta
494 2586 594 2641 manu,
611 2585 689 2645 quae
700 2586 788 2627 secra
800 2568 906 2628 cohors
918 2566 1085 2640 dicebatur,

91 2651 204 2714 'hostes
218 2651 356 2713 adoritur
371 2655 402 2713 et
416 2652 554 2727 distinet,
576 2652 643 2731 ipse
667 2650 841 2713 effrenatius
863 2651 997 2713 hostium
1012 2651 1085 2711 dex-

98 2740 289 2799 trnmcornu
300 2734 466 2819 aggressus
477 2737 648 2818 perrumpit
658 2740 689 2798 et
704 2738 843 2813 concidit,
860 2757 918 2816 quo
934 2736 1085 2816 perfracto

98 2822 196 2884 ceteri
217 2826 306 2904 terga
328 2827 500 2898 verterunt,
524 2821 736 2884 Cleombrotus
757 2842 815 2882 rex
835 2823 902 2902 ipse
916 2840 985 2881 cum
1000 2821 1086 2881 mille

76 2913 81 2924 '
99 2906 265 2989 Spartiatis
279 2911 493 2971 occubuerunt.
537 2909 605 2969 Hac
619 2908 748 2969 victoria
769 2907 861 2988 plane
884 2907 1025 2987 perculsa
1040 2910 1087 2968 est
1109 2898 1152 2965 30

99 2992 411 3057 Lacedaemoniorum
433 2996 583 3076 potentia,
605 3013 703 3074 neque
718 3013 852 3073 unquam
876 2995 983 3074 postea
1003 2993 1086 3055 vires

99 3084 340 3161 resumpserunt.
400 3081 586 3143 Defecerunt
621 3081 701 3142 enim
737 3081 842 3142 statim
872 3079 911 3141 ab
941 3079 1086 3142 societate

97 3184 207 3228 eorum
221 3166 312 3228 urbes
328 3165 541 3248 Peloponnesi,
565 3187 583 3228 a
599 3168 707 3247 quibus
722 3162 887 3228 arcessitus
901 3165 1086 3247 Epaminon-

98 3252 157 3314 das
172 3252 203 3313 in
216 3250 462 3333 Peloponnesum
477 3251 657 3332 ingreditur,
674 3252 857 3315 Laconicam
872 3253 1086 3333 depopulatur,

99 3335 245 3418 Spartam
266 3339 365 3419 ipsam
386 3340 475 3418 petit,
498 3339 570 3400 inde
592 3340 734 3420 repulsus
755 3339 918 3401 Messenen
943 3335 1086 3409 restituit,
1109 3325 1153 3394 35

99 3424 273 3485 exercitum
287 3424 470 3485 incolumem
485 3424 619 3486 reduxit.
664 3424 733 3495 Quo
749 3424 829 3486 iacto
852 3425 977 3503 propter
991 3422 1086 3500 impe-

98 3508 182 3571 rium
210 3510 364 3591 prolatum
393 3509 540 3571 iudicium
569 3510 678 3591 capitis
704 3510 812 3585 subiit,
843 3508 881 3569 de
908 3526 967 3586 quo
994 3523 1087 3587 supra

98 3594 248 3657 diximus.
665 3636 668 3641 -
1012 3630 1014 3635 ·
