2504 4080
175 243 220 309 94
545 243 649 306 XVII.
672 242 785 307 mort.

174 420 268 497 negat
283 435 302 478 a
316 413 455 497 Callippo
470 416 537 479 fieri
552 416 610 477 sibi
625 416 765 492 insidias,
791 417 845 479 sed
867 417 1020 498 11100000
1033 436 1166 498 ageren-

175 509 226 564 tur
240 502 306 564 fieri
321 506 482 585 praecepto
498 521 562 563 suo.
592 502 741 564 Mulieres
755 503 851 565 nihilo
866 504 968 565 secius
985 501 1161 585 Callippum

174 590 207 649 in
222 590 329 650 aedem
344 589 545 671 Proserpinae
564 588 719 650 deducunt
733 607 769 650 00
783 590 885 651 iurare
900 596 1020 670 cogunt
1033 591 1111 652 nibil
1123 591 1161 653 ab

174 675 228 736 1110
244 675 370 756 periculi
385 677 450 737 iore
464 675 563 736 Dioni.
608 675 669 736 Ille
683 674 740 737 hae
754 675 904 755 religione
918 696 983 738 non
997 678 1090 739 modo
1103 696 1157 738 non

132 760 153 823 5
176 765 223 823 001
237 762 410 837 deterritus,
427 762 482 821 sed
498 761 536 822 ad
551 760 764 822 maturandum
779 762 949 823 concitatus
966 767 1031 840 est,
1054 781 1158 823 verens

174 867 212 909 ne
236 848 321 929 prius
343 848 502 909 consilium
524 847 695 927 aperiretur
718 867 821 923 suum,
847 867 938 928 quam
963 852 1077 911 000010
1094 868 1155 930 per-

174 935 304 996 iecisset.

99 1019 152 1083 IX
259 1020 327 1080 Hac
347 1021 449 1079 mente
470 1018 609 1098 proximo
632 1018 793 1093 (11010010,
817 1037 886 1078 cum
910 1037 929 1079 0
951 1020 1100 1082 conventu
1116 1038 1148 1079 00

174 1108 325 1168 remotum
339 1104 419 1165 Dion
434 1104 516 1165 domi
531 1107 649 1165 teneret
664 1106 754 1183 atque
768 1104 800 1164 in
815 1104 953 1166 conclavi
977 1107 1065 1169 edito
1076 1123 1148 1167 retu·

111 1191 152 1254 10
173 1191 298 1265 buissel,
316 1190 444 1251 consciis
458 1191 602 1251 facinoris
617 1191 684 1250 loca
698 1191 861 1251 munitiora
871 1191 978 1271 oppidi
989 1193 1095 1267 tradit,
1108 1191 1152 1251 do

173 1296 257 1335 mum
272 1276 419 1338 custodiis
434 1276 545 1356 saepit,
568 1295 586 1336 a
605 1276 720 1337 foribus
742 1277 793 1355 qui
808 1296 868 1337 non
883 1277 1049 1340 discedant
1064 1280 1156 1339 certos

174 1361 319 1442 praeficit.
355 1362 474 1424 Narem
489 1363 644 1423 triremem
659 1363 783 1422 armatis
798 1368 886 1422 ornat
899 1360 1157 1444 Philostratoque,

173 1449 261 1511 fratri
276 1468 339 1523 suo,
357 1449 451 1510 tradit
466 1468 594 1528 eamque
608 1448 743 1527 inportu
757 1448 868 1526 agitari
883 1448 983 1524 iubet,
1008 1454 1044 1511 ut
1068 1451 1094 1510 si
1109 1469 1157 1510 ex·

174 1554 278 1595 arcere
291 1536 424 1612 remiges
440 1535 545 1609 001101,
561 1534 713 1613 cogitans,
737 1534 763 1594 si
777 1535 856 1594 sorte
870 1535 1009 1595 consiliis
1025 1536 1157 1598 obstitis-

109 1617 151 1682 15
173 1624 220 1680 001
234 1622 364 1697 fortuna,
387 1625 422 1680 ut
436 1622 563 1681 haberet
577 1640 638 1699 000
652 1621 773 1698 fugeret
788 1621 826 1681 ad
842 1621 980 1681 salutem.
1028 1620 1157 1683 Suorum

174 1709 275 1766 autem
290 1727 307 1765 0
322 1726 447 1767 numero
463 1706 646 1786 Zacynthios
662 1706 869 1766 adolescentes
890 1707 1039 1785 quosdam
1060 1708 1154 1786 eligit,

174 1811 243 1852 oum
259 1791 485 1868 audacissimos,
502 1796 566 1851 tum
581 1792 699 1852 viribus
712 1792 864 1864 maximis,
881 1793 986 1872 eisque
1001 1793 1057 1854 dat
1067 1813 1155 1873 nego

173 1878 263 1955 tium,
285 1879 324 1939 ad
339 1878 468 1938 Dionem
483 1882 553 1938 eant
574 1878 721 1953 inermes,
744 1877 788 1937 sic
809 1881 844 1938 ut
865 1879 1069 1939 conveniendi
1094 1881 1156 1940 eius

172 1965 273 2042 gratia
287 1966 465 2025 viderentur
479 1965 592 2024 venire.
627 1963 671 2024 Hi
684 1973 809 2043 propter
823 1964 963 2025 notitiam
978 1968 1051 2025 sunt
1065 1966 1155 2026 intro-

107 2046 151 2113 20
172 2050 267 2111 missi.
311 2049 354 2111 At
368 2052 429 2126 1111,
452 2054 487 2113 01
507 2050 601 2110 limen
616 2049 682 2109 eius
698 2050 859 2124 intrarunt,
875 2050 992 2112 foribus
1007 2051 1155 2112 obseratis

172 2137 296 2198 inlecto
313 2138 472 2198 cubantem
487 2137 645 2210 invadunt,
662 2136 817 2214 colligant.
841 2135 894 2196 Fit
909 2137 1064 2216 strepitus,
1079 2137 1152 2196 adeo

171 2226 207 2281 01
232 2222 372 2282 exaudiri
397 2228 501 2303 posset
525 2223 607 2283 10010.
653 2220 727 2296 Η10,
757 2222 835 2282 01001
848 2223 931 2282 'ante
956 2222 1071 2285 dietum
1095 2224 1149 2294 est,

172 2325 261 2386 quam
277 2308 377 2369 100100
391 2309 432 2367 011
446 2308 611 2388 singularis
626 2307 762 2388 potentia
784 2317 814 2368 et
834 2308 1009 2370 miseranda
1024 2308 1101 2383 0110,
1121 2306 1152 2367 01

171 2392 223 2472 001
239 2412 273 2453 00
287 2394 382 2453 metui
398 2412 488 2472 quam
504 2395 600 2455 amari
615 2394 745 2467 malunt,
769 2394 867 2453 001010
890 2393 982 2455 100110
996 2395 1152 2456 1010110010

106 2476 149 2542 25
171 2484 226 2539 001.
281 2478 421 2558 Namque
450 2479 497 2540 illi
525 2481 585 2560 ipsi
611 2480 766 2553 custodes,
798 2480 825 2540 si
850 2499 1002 2561 propensa
1028 2481 1154 2542 fuissent

171 2566 342 2640 voluntate,
364 2566 480 2626 foribus
495 2565 626 2626 effractis
641 2584 765 2626 serrare
780 2584 849 2625 eum
867 2566 1053 2646 potuissent,
1078 2564 1153 2646 quod

170 2653 217 2713 illi
232 2652 363 2713 inermes
379 2653 474 2712 telum
494 2652 568 2712 foris
588 2651 762 2730 flagitantes
776 2652 883 2712 vivum
898 2652 1053 2713 tenebant.
1100 2649 1153 2713 cui

102 2734 105 2745 ⁴
171 2759 240 2800 cum
266 2742 456 2800 succurreret
483 2757 588 2814 nemo,
614 2738 699 2817 Lyco
726 2737 848 2817 quidam
863 2736 1076 2819 Syracusanus
1102 2756 1153 2819 per

170 2826 320 2888 fenestras
336 2827 474 2906 gladium
491 2825 583 2898 dedit,
600 2843 658 2903 000
674 2823 752 2884 Dion
769 2824 947 2884 interfectus
962 2825 1017 2886 est.

104 2904 148 2970 30
170 2908 204 2968 X
259 2910 405 2973 Confecta
420 2912 521 2985 caede,
538 2929 606 2970 cum
618 2910 781 2970 multitudo
792 2910 913 2970 visendi
924 2910 1025 2989 gratia
1035 2909 1153 2971 introis·

172 2998 233 3068 set,
259 2998 398 3058 nonnulli
424 2999 461 3058 ab
487 2997 591 3057 insciis
617 3014 672 3076 pro
694 2996 795 3056 noxiis
822 2996 1029 3056 conciduntur.
1075 2995 1153 3056 Nam

172 3079 265 3140 celeri
287 3101 409 3142 rumore
431 3084 524 3143 dilato
547 3081 638 3143 Dioni
660 3082 724 3142 0100
746 3081 872 3142 allatam
892 3081 980 3141 multi
996 3100 1153 3142 concurre·

169 3168 248 3240 rant,
264 3166 373 3245 quibus
389 3168 451 3227 tale
466 3169 583 3228 facinus
599 3167 786 3248 displicebat.
825 3167 868 3228 Hi
888 3168 967 3228 falsa
981 3168 1153 3247 suspicione

170 3252 253 3312 ducti
267 3252 462 3313 immerentes
477 3257 512 3313 ut
526 3255 690 3316 sceleratos
705 3253 853 3314 occidunt.
887 3253 987 3313 Huius
1003 3254 1042 3313 de
1057 3258 1154 3314 morte

104 3335 148 3399 35
169 3343 203 3399 ut
218 3339 319 3420 palam
334 3338 447 3399 factum
462 3342 522 3413 001,
545 3340 727 3400 mirabiliter
749 3339 837 3417 vulgi
852 3342 970 3400 mutata
985 3342 1034 3400 001
1047 3340 1154 3399 00100-

169 3430 224 3487 100.
269 3424 349 3487 Nam
371 3424 423 3505 001
446 3424 553 3484 rivum
577 3444 646 3484 eum
669 3429 832 3507 tyrannum
847 3425 1033 3501 vocitarent,
1055 3425 1154 3486 eidem

169 3511 364 3573 liberatorem
379 3509 497 3592 patriae
512 3511 696 3591 tyrannique
711 3511 906 3594 expulsorem
927 3511 1155 3590 praedicabant.

169 3594 220 3657 Sic
235 3598 334 3661 subito
357 3596 565 3659 misericordia
587 3597 655 3659 odio
670 3600 867 3675 successerat,
882 3599 916 3658 ut
930 3616 1001 3658 eum
1016 3616 1071 3660 suo
1087 3615 1153 3659 000-
