2504 4080
186 253 248 320 102
524 253 618 315 XIX.
640 252 848 316 EUMEA'ES.

183 427 339 490 acerbiore
352 428 490 487 uteretur
506 425 642 508 imperio.
687 425 808 486 Horum
822 426 876 488 illa
889 425 969 486 nihil
991 427 1080 488 fecit:
1101 447 1169 490 nam

183 518 216 575 et
228 514 259 573 in
270 511 481 573 Macedoniam
491 514 627 592 profecta
638 512 686 572 est
696 514 727 572 et
737 511 780 572 ibi
791 512 1005 573 crudelissime
1016 533 1053 574 se
1064 513 1166 594 gessit

182 598 277 660 Petiit
298 606 401 659 autem
421 600 459 660 ab
474 597 611 659 Eumene
631 598 770 672 absente,
791 618 831 659 ne
853 606 1014 680 pateretur
1036 598 1167 681 Phssippi

183 686 290 747 domus
299 703 334 746 ac
344 685 477 746 familiae
488 684 714 746 inimicissimos
724 685 850 765 stirpem
861 704 985 765 quoque
996 686 1167 748 interimere

137 768 161 833 5
182 772 335 852 ferretque
350 790 437 852 opem
452 771 558 831 liberis
573 769 757 831 Alexandri:
778 789 868 850 quam
889 771 1017 832 veniam
1032 772 1060 832 si
1077 773 1164 847 dard,

182 877 274 938 quam
293 858 425 938 primum
440 858 593 918 exercitus
615 860 746 936 pararet,
770 875 845 935 qnos
865 856 925 916 sibi
950 857 1097 919 subsidio
1120 859 1164 919 ad·

183 944 324 1007 duceret:
348 943 380 1004 id
403 962 461 1022 quo
484 942 604 1003 facilius
627 942 754 1015 faceret,
777 962 811 1002 se
832 942 974 1003 omnibus
997 945 1159 1023 praefectis,

182 1031 234 1110 qui
258 1030 289 1089 in
312 1029 411 1090 officio
434 1028 610 1104 manebant,
637 1027 757 1088 misisse
770 1028 897 1102 litteras,
924 1035 962 1088 ut
983 1029 1014 1089 ei
1028 1034 1159 1110 parerat

183 1116 308 1193 eiusque
331 1113 465 1176 consiliis
486 1117 652 1174 uterentur.
697 1111 795 1174 Simul
814 1112 1053 1194 Polysperchon
1076 1114 1158 1178 liter‘s

119 1196 162 1263 10
184 1200 284 1261 missis
300 1199 337 1259 ab
358 1218 394 1260 eo
417 1199 597 1280 postularit,
620 1202 656 1260 ut
675 1200 824 1260 adversus
839 1197 1033 1279 Antigonum
1058 1202 1163 1263 bellun

183 1287 312 1365 gereret.
358 1282 418 1345 His
438 1284 529 1346 rebus
551 1283 704 1354 Eumenes
724 1289 879 1366 permotus
899 1285 998 1346 satius
1013 1288 1123 1364 duxit,
1143 1285 1165 1347 si

181 1372 225 1434 ita
235 1370 357 1432 tulisset
367 1372 495 1446 fortuna,
511 1371 612 1452 perire
623 1372 700 1432 hene
711 1372 828 1432 meritis
838 1372 1025 1432 referentem
1035 1374 1166 1452 gratiam

184 1476 275 1538 quam
292 1456 447 1538 ingratum
461 1458 577 1519 virere,

96 1539 158 1605 vll
268 1543 377 1624 ltaque
392 1543 494 1624 copias
510 1543 670 1617 contraxit,
686 1543 801 1604 bellum
816 1543 962 1604 adversus
975 1541 1165 1624 Antigonum

119 1627 161 1692 lb
183 1631 378 1711 comparavit.
423 1629 513 1700 Quod
537 1647 599 1690 una
621 1637 709 1690 erant
723 1627 904 1692 Macedones
925 1631 1104 1710 complures
1117 1650 1165 1693 no·

180 1716 268 1790 biles,
285 1715 317 1776 in
331 1715 376 1775 eis
390 1713 563 1791 Peucestes,
580 1714 631 1794 qui
646 1715 781 1794 corporis
796 1722 897 1778 custos
913 1715 1016 1776 fuerat
1031 1714 1163 1778 Alexan·

181 1801 238 1877 dri,
255 1806 320 1861 tum
335 1804 436 1861 autem
456 1800 612 1862 obtinebat
626 1799 799 1875 Persidem,
824 1803 857 1862 et
870 1799 1058 1881 Antigenes,
1082 1803 1165 1863 cuius

184 1888 240 1950 sub
262 1887 389 1968 imperio
409 1886 543 1967 phalanx
567 1890 634 1948 erat
647 1884 863 1960 Macedonum,
885 1886 1035 1949 invidiam
1055 1906 1165 1950 verens

181 1970 286 2058 (quam
297 1978 400 2034 tamen
411 1971 544 2053 effugere
558 1993 619 2034 non
629 1970 750 2055 potuit),
767 1972 793 2033 si
804 1972 905 2053 potius
917 1973 982 2054 ipse
994 1974 1166 2054 alienigena

117 2052 161 2122 20
183 2059 294 2121 summi
309 2059 428 2141 imperii
443 2060 592 2140 potiretur
611 2076 701 2137 quam
716 2058 795 2119 alius
809 2058 1021 2133 Macedonum,
1038 2078 1162 2140 quornm

180 2144 223 2206 ibi
239 2149 306 2207 erat
319 2145 499 2222 multitudo,
521 2145 553 2206 in
572 2144 729 2224 principiis
743 2142 915 2205 Alexandri
929 2145 1054 2206 nomine
1067 2146 1161 2207 tabar-

180 2232 324 2291 naculum
346 2231 453 2292 statuit
475 2231 506 2293 in
526 2250 622 2310 eoque
642 2230 751 2291 sellam
770 2249 894 2292 auream
909 2248 978 2291 cum
994 2240 1111 2312 sceptro
1124 2247 1158 2291 ac

181 2316 353 2377 diademate
368 2316 457 2377 iussit
471 2317 542 2397 poni
557 2335 653 2395 eoque
668 2335 772 2376 omnes
787 2317 923 2396 quotidie
937 2317 1115 2391 convenire,
1128 2318 1161 2376 ut

180 2402 222 2462 ibi
239 2402 277 2462 dc
292 2402 419 2461 summis
434 2403 525 2463 rebus
540 2402 666 2464 consilia
687 2408 881 2481 caperentur,
907 2403 1035 2462 credens
1050 2403 1164 2465 minore

115 2484 160 2551 25
182 2507 215 2549 se
230 2486 346 2548 invidia
360 2487 439 2563 fore,
463 2489 490 2548 si
510 2488 612 2569 specie
632 2487 751 2568 imperii
767 2487 955 2567 nominisque
970 2488 1164 2550 simulatione

180 2572 352 2636 Alexandri
373 2572 487 2635 bellum
509 2575 666 2635 videretur
681 2572 901 2635 administrare.
948 2573 1040 2644 Quod
1055 2573 1161 2636 effecit

179 2660 260 2722 Nam
276 2679 345 2721 cum
359 2679 420 2723 non
435 2660 473 2721 ad
489 2658 634 2723 Eumenis
649 2660 806 2742 principia,
828 2661 883 2722 'sed
898 2659 937 2722 ad
951 2662 1040 2741 regia
1054 2680 1165 2724 conve

181 2747 297 2808 nitetur
321 2750 412 2826 atque
435 2747 538 2807 ibide
561 2748 652 2809 rebus
678 2747 913 2821 deliberaretur,
941 2747 1162 2827 quodammodo

181 2831 303 2907 latebat,
321 2853 389 2894 cum
405 2837 505 2894 tamen
522 2853 576 2913 per
591 2853 660 2893 aum
676 2853 769 2893 unum
785 2838 965 2913 gererentur
981 2835 1093 2895 omnia.

116 2912 247 2977 30vr11
270 2918 375 2979 Hicin
391 2919 565 2981 Paraetacis
588 2937 657 2979 cum
671 2917 827 2998 Antigono
850 2919 999 2995 conflixit,
1022 2939 1084 2980 non
1100 2919 1164 2981 acie

180 3001 336 3075 instructa,
354 3005 454 3065 sedin
478 3007 599 3078 itinere,
627 3025 756 3084 eumque
778 3006 858 3066 male
880 3010 1038 3085 acceptum
1053 3006 1085 3066 in
1101 3005 1163 3067 Me·

181 3087 263 3147 diam
279 3087 443 3149 hiematum
465 3093 566 3170 co'e'git
588 3092 696 3152 redire.
742 3093 814 3171 Ipse
835 3091 866 3151 in
888 3092 1017 3152 finitima
1038 3093 1162 3172 regione

180 3167 316 3235 Persidis
328 3172 494 3235 hiematum
506 3179 608 3256 copias
620 3177 733 3250 divisit,
744 3197 803 3238 non
812 3180 846 3237 ut
857 3177 962 3251 voluit,
975 3177 1029 3237 sed
1037 3183 1072 3237 ut
1084 3178 1163 3239 mili·

180 3268 245 3321 tum
269 3258 397 3337 cogabat
419 3261 569 3321 voluntas.
614 3264 753 3343 Namque
772 3264 827 3323 illa
841 3264 977 3343 phalanx
992 3262 1163 3324 Alexandri

112 3340 158 3407 35
179 3345 300 3425 Magni,
324 3363 402 3424 quae
416 3343 523 3406 Asiam
538 3354 719 3427 peragrarat
740 3349 954 3428 deviceratque
969 3348 1094 3423 Persas,
1118 3351 1163 3411 in-

178 3435 318 3493 veterata
339 3450 408 3497 cum
431 3432 544 3511 gloria,
570 3438 635 3495 tum
659 3436 751 3496 etiam
773 3435 897 3496 licentia
919 3455 978 3496 non
1000 3453 1110 3515 parere
1130 3456 1162 3511 se

179 3519 320 3593 ducibus,
354 3518 407 3578 sed
435 3519 585 3598 imperare
615 3522 768 3600 cupiebat,
799 3524 835 3581 ut
860 3539 941 3581 nunc
963 3521 1103 3581 veterani
1119 3522 1163 3582 fa·

179 3601 263 3662 ciunt
283 3605 388 3667 nostri.
433 3605 542 3683 Itaque
564 3605 734 3684 periculum
754 3611 814 3683 est,
842 3627 879 3668 ne
900 3606 931 3666 hi
946 3606 1060 3668 faciant
1081 3608 1163 3686 quod
