2504 4080
411 182 774 287 somniantis.
1019 222 1094 289 117:

98 396 197 471 venit,
222 415 300 475 quaa
314 393 438 457 Italiam
462 395 500 456 ab
522 393 626 457 Gallia
649 396 827 475 seiungunt,
853 414 928 476 quas
950 399 1081 478 antiquis

97 483 285 562 temporibus
299 481 451 543 Hercules
465 478 577 544 Graius
597 482 746 542 transisse
765 482 890 558 dicitur,
914 485 986 563 (quo
1000 485 1082 546 facto

100 588 170 629 sum
201 568 314 629 saltum
344 567 436 628 hodie
463 564 589 628 Graium
620 567 770 648 appellari
801 569 879 629 falso
905 566 1082 653 perhibent)

97 654 225 735 Alpicos
249 657 392 715 conantes
413 654 573 734 prohibere
595 654 727 714 transitu
748 654 894 730 concidit,
916 655 983 717 loca
997 659 1081 737 pate-

98 742 178 815 fecit,
195 740 306 800 itiuera
321 740 440 816 muniit,
463 739 578 816 effecit,
601 746 636 800 ut
651 759 687 800 aa
702 740 883 819 elephantus
898 745 1022 802 ornatus
1036 743 1081 802 ire
1103 741 1126 806 5

98 832 215 907 posset,
239 846 299 905 qua
321 832 412 886 antea
425 844 503 886 unus
519 826 607 886 homo
622 826 747 886 inermis
761 826 818 885 vix
831 844 938 906 repere
953 831 1079 907 poterat.

97 912 166 973 Hac
181 913 283 991 copias
297 912 436 973 traduxit
450 911 483 970 in
497 911 681 991 Italiamque
696 912 845 991 pervenit.

185 997 219 1056 P.
251 995 409 1058 Cornelius
436 995 550 1078 Scipio,
577 997 656 1058 alter
681 998 786 1058 consul
811 995 983 1073 Romanae,
1011 1016 1081 1060 cum
1102 997 1150 1061 iv

99 1083 237 1144 exercitu
257 1083 428 1144 Massiliam
445 1084 605 1163 appulerat
620 1087 805 1162 conatusque
825 1087 891 1145 erat
909 1084 1080 1164 prohibere,

99 1169 260 1249 quominus
282 1168 437 1230 Hannibal
459 1166 642 1230 Rhodanum
667 1170 780 1230 flumen
806 1170 964 1246 transiret,
992 1190 1083 1252 quem
1107 1169 1160 1233 101

98 1259 200 1316 tamen
227 1256 276 1315 hic
301 1255 411 1316 itinere
437 1259 589 1317 maturato
614 1255 713 1315 tribus
739 1255 847 1316 diebus
868 1258 1082 1318 anteverteret.

98 1340 274 1421 Pugnatum
297 1347 344 1402 est
365 1341 405 1401 ad
424 1340 606 1404 Rhodanum
628 1341 691 1401 levi
716 1340 831 1420 proelio
853 1343 1000 1420 equestri,
1024 1362 1083 1423 quc

98 1425 230 1487 Romani
246 1428 417 1506 superiores
438 1426 652 1488 discesserunt.
698 1425 776 1486 Inde
791 1423 892 1507 Scipio
915 1428 946 1487 in
961 1428 1084 1489 Italiam

100 1532 244 1573 reversus
260 1513 340 1592 apud
357 1512 496 1572 Ticinum
519 1531 588 1573 cum
602 1511 777 1573 Hannibale
797 1512 934 1572 conflixit
949 1514 1083 1574 saucius-

100 1618 159 1678 que
174 1602 205 1659 et
219 1599 343 1676 fugatus
359 1599 502 1658 dimissus
518 1604 572 1659 est.
619 1597 722 1659 Tertio
743 1616 812 1657 cum
828 1598 948 1677 collega
962 1598 1083 1659 Tiberio
1107 1596 1160 1660 la:

100 1682 277 1765 Sempronio
303 1684 409 1762 Longo
433 1684 514 1764 apud
541 1684 684 1745 Trebiam
715 1684 864 1745 adversus
893 1703 962 1744 eum
988 1684 1082 1745 venit.

101 1766 179 1830 Cum
193 1770 240 1829 his
256 1789 387 1833 manum
395 1771 555 1845 conseruit,
581 1775 743 1848 utrumque
758 1770 949 1849 profligavit,
973 1770 1084 1831 deinde

101 1853 281 1916 Clastidium
292 1856 404 1931 vicum,
417 1875 475 1934 quc
487 1875 631 1934 magnam
641 1856 787 1916 frumeuti
798 1856 862 1915 vim
873 1854 1004 1916 Romani
1015 1875 1084 1916 cou-

100 1945 274 2020 gesscrant,
311 1948 452 2020 corrupto
482 1942 626 2021 praesidii
655 1942 824 2022 praesecto,
863 1942 956 2021 cepit;
993 1942 1084 2021 idque

100 2027 242 2088 horreum
264 2027 321 2086 fuit
334 2026 444 2087 Poenis
465 2047 519 2107 per
540 2028 670 2088 hiemem
685 2028 724 2087 ad
740 2027 883 2087 Trebiam
898 2027 1081 2088 sedentibus.
1105 2023 1163 2088 20.

61 2111 64 2117 ’
99 2112 183 2173 Vere
205 2114 276 2172 anui
302 2113 490 2192 insequentis
511 2133 567 2193 per
587 2113 715 2192 Ligures
737 2112 934 2193 Apenninum
963 2112 1085 2174 transiit

99 2204 207 2280 petens
222 2197 386 2259 Etruriam.
432 2198 499 2259 Hoc
520 2200 629 2260 itinere
654 2218 709 2279 per
734 2198 861 2278 paludes
891 2198 968 2259 Arni
996 2198 1083 2259 fluvii

98 2284 294 2366 proficiscens
324 2285 400 2345 adeo
430 2285 521 2362 gravi
551 2285 656 2346 morbo
686 2284 842 2347 oculorum
871 2284 1018 2359 afficitur,
1050 2287 1084 2346 ut

99 2373 206 2451 postea
221 2389 376 2449 nunquam
391 2371 500 2432 dextro
515 2391 611 2450 aeque
625 2370 703 2430 hene
716 2373 863 2431 uteretur.
887 2369 957 2440 Qua
967 2371 1084 2431 valetu-

100 2457 171 2516 dine
207 2474 276 2515 cum
316 2457 483 2516 etiamnum
522 2458 713 2537 premeretur
745 2457 914 2537 lecticaque
943 2450 1162 2530 ferretu1·,25.'

101 2539 134 2603 O.
150 2541 337 2602 Flaminium
359 2543 527 2617 consulem,
551 2543 704 2603 hominem
726 2543 922 2603 temerarium
937 2545 969 2602 et
983 2543 1085 2602 incau-

100 2630 175 2702 tum,
192 2628 273 2706 apud
288 2627 499 2688 Trasimenum
515 2647 583 2688 cum
605 2628 743 2688 exercitu
763 2628 882 2688 insidiis
897 2628 1085 2688 circumven-

100 2717 166 2774 tum
181 2713 292 2774 occidit
307 2733 405 2792 neque
420 2714 516 2774 multo
532 2716 600 2793 post
616 2711 647 2774 Ο.
663 2711 842 2774 Centenium
857 2718 1085 2793 propraetorem

101 2817 169 2860 cum
186 2799 305 2861 delecta
319 2818 420 2873 mauu,
444 2818 504 2879 qua
519 2799 636 2859 consuli
650 2799 765 2860 auxilio
781 2798 936 2872 veniebat,
960 2799 992 2858 in
1012 2796 1084 2860 Um-

99 2884 166 2945 bria
189 2886 284 2947 saltus
307 2890 511 2965 occupantem.
557 2884 636 2945 Tum
660 2904 716 2965 per
734 2881 893 2945 Umbriam
923 2887 954 2945 et
976 2902 1085 2963 agrum
1108 2880 1160 2945 302

99 2970 257 3032 Picentem
268 2971 307 3033 ad
318 2991 402 3032 mare
413 2991 567 3052 superum,
583 2970 654 3031 inde
665 2989 720 3050 per
731 2967 876 3050 Apuliam
888 2973 919 3031 et
929 2968 1086 3031 Samnium

99 3056 139 3118 ad
161 3074 273 3136 agrum
296 3055 482 3138 Campanum
504 3057 657 3138 proiectus
681 3059 742 3132 est,
766 3056 864 3117 socios
878 3054 1087 3119 Romanorum

98 3145 135 3203 ut
150 3141 315 3204 deficerent
328 3143 505 3205 sollicitans.
553 3139 630 3204 Cum
645 3161 719 3204 vero
733 3143 764 3202 in
780 3140 937 3204 Samnium
951 3147 1086 3204 reverte·

99 3232 198 3304 retur,
227 3228 266 3298 Q.
294 3229 409 3290 Fabius
434 3229 604 3305 Maximus,
632 3249 722 3309 quem
747 3227 877 3291 Romani
906 3229 1086 3290 dictatorem

101 3314 252 3389 dixerant,
269 3315 301 3375 in
316 3334 391 3393 agro
407 3315 539 3376 Falerno
554 3335 588 3377 se
603 3315 633 3376 ei
647 3315 766 3376 obiecit.
804 3315 853 3376 Ibi
869 3316 991 3376 clausus
1005 3314 1085 3373 loco·
1107 3303 1161 3372 352

99 3420 169 3460 rum
189 3400 341 3479 angustiis
367 3405 459 3462 noctu
484 3399 549 3461 sine
564 3401 638 3462 ullo
663 3401 846 3461 detrimento
872 3399 1025 3461 exercitus
1051 3417 1084 3458 se

100 3486 266 3566 expedivit.
313 3484 423 3562 Fabio,
447 3485 646 3547 callidissimo
673 3485 865 3567 imperatori,
895 3485 947 3564 qui
969 3484 1084 3546 sollert'

103 3573 296 3635 cunctatione
325 3572 407 3633 vires
436 3571 608 3634 Poenorum
637 3572 780 3652 frangere
809 3571 965 3646 studebat,
1001 3569 1087 3631 dedit
