2504 4080
173 241 216 307 32
563 241 599 300 V.
624 237 767 303 CIMON.

173 415 306 495 Dolopes
332 412 519 488 incolebant,
545 412 626 492 quod
652 410 859 472 contumacius
883 430 919 471 se
944 415 1114 491 gesserant
1129 414 1155 475 et

173 499 334 583 piraticam
355 499 503 574 fecerant,
523 497 710 573 vacuefecit,
732 516 868 558 sessores
881 499 1010 559 veteres
1025 498 1104 559 urbe
1117 497 1154 559 in

174 586 307 665 sulaque'
315 583 421 660 eiecit,
444 603 535 664 agros
557 582 677 645 civibus
691 582 806 647 divisit.
849 580 893 645 Ut
905 583 1046 662 gratiam
1060 580 1156 666 populi

174 670 232 731 sibi
249 670 421 750 colligeret,
445 689 514 732 ossa
529 669 655 744 Thesei,
679 669 779 749 quiin
792 668 847 729 illa
860 668 963 731 insula
977 670 1156 731 mortunset

131 753 153 817 5
175 757 313 837 sepultus
328 777 395 819 esse
409 756 634 837 perhibebatur,
651 754 789 817 Athenas
804 754 912 816 retulit
924 756 957 816 et
971 754 1085 818 honori
1099 755 1154 818 eim

175 843 241 906 dics
256 844 349 906 festos
363 842 504 904 instituit.

100 928 153 990 HI
262 927 339 991 Cum
353 930 415 991 iam
431 928 485 989 illo
500 932 637 1008 tempore
651 928 765 989 multae
780 924 907 1001 insulae,
923 944 1005 1006 quae
1017 927 1059 989 ad
1070 926 1155 989 socie

175 1020 270 1079 tatem
280 1013 513 1076 Atheniensium
528 1033 561 1074 se
576 1012 787 1088 adiunxerant,
803 1016 930 1093 propter
943 1010 1071 1095 imperii
1082 1031 1156 1075 acen

175 1103 220 1163 bit
222 1105 303 1161 atem
325 1099 505 1176 deficerent,
477 1100 604 1161 tbene
626 1098 776 1160 animatae
791 1097 993 1173 oonfimavit,
1010 1099 1154 1162 alienatas

113 1183 154 1248 10
176 1187 215 1248 ad
238 1185 370 1246 officium
390 1185 491 1246 redire
514 1185 628 1266 coegit,
656 1185 740 1246 iniis
755 1183 884 1260 Naxios,
912 1184 1155 1264 inquossevsrc

176 1271 400 1335 animadvertit.
380 1269 508 1333 tSub
528 1271 610 1332 idem
630 1273 751 1352 tempus
771 1270 934 1345 stradentc,
964 1272 1002 1331 ut
1030 1270 1154 1345 videtur,

178 1355 303 1419 Cimone
323 1358 385 1419 fact
371 1362 437 1419 tum
460 1365 520 1432 est,
543 1357 629 1419 ut1n
651 1357 803 1418 communi
823 1352 1013 1418 Graecorum
1035 1356 1154 1419 concilio

177 1445 426 1519 constitueretur,
452 1445 488 1504 ut
506 1404 587 1504 bello
606 1442 718 1504 Persas
746 1441 889 1523 persequi
915 1447 1153 1522 perseverarent,

176 1535 269 1610 utque
289 1531 380 1592 sociis
400 1491 523 1605 liceret,
544 1549 605 1591 non
626 1529 688 1590 iam
706 1529 845 1590 homines
859 1529 891 1588 et
903 1546 1001 1590 naves
1016 1527 1154 1590 submini-

115 1609 206 1678 lht
177 1637 192 1677 s
193 1621 284 1692 t,rare
296 1617 351 1677 sed
363 1616 524 1695 quotannis
535 1619 600 1676 cert
601 1634 650 1676 am
661 1615 983 1695 quandampecuuiam
994 1613 1155 1677 Athenien·

34 1705 38 1713 '
177 1702 261 1762 sibus
276 1701 423 1781 pendere,
448 1720 508 1780 qua
529 1701 561 1761 hi
586 1704 617 1762 et
630 1719 726 1761 naves
741 1704 773 1761 et
787 1699 924 1762 homines
940 1702 1198 1799 compararent
1192 1676 1198 1753 i

176 1786 224 1847 Ea
237 1805 271 1846 re
286 1784 415 1866 opesht
402 1785 603 1847 theniensium
617 1806 804 1885 magnopere
816 1788 931 1861 ιιιοιιι,
948 1792 1059 1847 contra
1070 1785 1198 1848 socio
1195 1828 1198 1841 .

176 1892 245 1933 rum
259 1871 436 1935 imminutae
451 1878 522 1933 sunt
522 1873 659 1954 ,quippe
674 1873 726 1952 qui
740 1873 802 1933 iam
817 1872 935 1933 artibus
949 1871 1026 1933 belli
1041 1872 1156 1933 studere
1195 1874 1198 1939 ξ

176 1959 399 2020 desuescerent
443 1957 540 2019 Paulo
561 1966 631 2039 post
619 1957 769 2019 tNaxum
789 1959 943 2038 receptam
964 1959 1050 2038 apud
1063 1956 1156 2039 Eury·

112 2037 156 2102 20
176 2045 360 2122 medentem,
375 2046 488 2108 flumen
503 2042 714 2126 Pamphyliae,
731 2040 960 2143 Cypriorumet
973 2042 1157 2106 Phoenicum

178 2133 308 2193 classem
323 2131 469 2192 devicite
470 2131 643 2192 tducentas
657 2149 753 2191 naves
767 2131 820 2191 vel
835 2129 924 2212 cepit,
902 2129 993 2190 tvel
1007 2127 1156 2191 demersit

177 2215 250 2277 Pari
270 2217 331 2295 sort
331 2235 392 2277 una
413 2217 445 2276 in
464 2219 548 2277 terra
569 2236 642 2276 usus
657 2220 719 2277 est
712 2235 869 2297 ,namque
883 2215 1018 2278 hostium
1031 2216 1157 2278 navibus

177 2301 270 2360 victis
285 2288 388 2362 statim
404 2320 444 2361 ex
459 2301 558 2363 classe
574 2302 676 2383 copias
691 2321 761 2364 suas
782 2302 891 2363 eduxit
878 2301 1159 2383 tharharerumqua

178 2385 344 2447 maximam
369 2386 434 2447 ιιιιι
460 2407 519 2449 uno
546 2406 694 2449 concursu
724 2387 898 2470 prostravit.
964 2387 1016 2448 Ita
1047 2384 1159 2469 duplici

113 2467 157 2532 25
178 2471 316 2549 victoria,
336 2492 353 2532 e
355 2474 465 2534 tterra
479 2477 511 2534 et
524 2474 601 2535 mari
615 2477 778 2555 reportata,
794 2492 907 2553 magna
920 2473 1036 2554 praeda
1049 2474 1161 2556 potius

180 2558 304 2620 domum
318 2557 454 2619 revertit.

111 2641 159 2704 IV
266 2642 325 2705 His
346 2664 387 2705 ex
406 2643 558 2706 manubiis
573 2663 631 2705 arx
645 2643 689 2706 At
676 2646 852 2722 thenarum,
874 2663 936 2725 qua
950 2645 989 2706 ad
1003 2645 1162 2707 meridiem

179 2729 295 2812 vergit,
320 2730 438 2794 munita
460 2734 522 2805 est;
543 2735 631 2811 praet
632 2750 704 2793 crea
719 2728 827 2794 Cimon
845 2750 989 2811 magnam
1003 2731 1163 2811 pecuniam

179 2818 211 2878 in
233 2818 349 2881 aerario
371 2817 492 2900 publico
519 2817 672 2917 deposuit
647 2818 807 2879 turbem
830 2816 1031 2879 exornavite
1033 2817 1163 2896 tlouga,

116 2897 159 2962 30
180 2922 257 2982 quae
277 2905 470 2980 dicebantur,
493 2905 573 2965 muri
596 2903 720 2964 brachia
735 2903 773 2965 ab
788 2904 864 2964 urbe
878 2902 1041 2964 Piraeeum
1055 2920 1164 2964 versus

181 2990 342 3049 exstruere
363 2951 509 3065 instituit,
535 3008 612 3070 quae
637 2994 744 3070 postea
765 2988 918 3050 aPeriole
932 2987 1070 3070 perfecta
1084 2990 1163 3051 sunt

182 3072 260 3134 Tum
274 3092 349 3136 vero
370 3079 441 3137 cont
442 3093 477 3135 ra
428 3074 621 3137 tThasios
642 3075 798 3156 opulentia
818 3076 912 3136 fretos
932 3092 988 3155 pro
989 3073 1088 3136 lectus
1108 3076 1164 3149 est,

182 3159 237 3220 sed
262 3159 370 3220 urbem
395 3180 499 3222 eorum
524 3164 594 3242 post
616 3162 741 3223 tertium
773 3161 896 3222 demum
929 3179 1043 3221 annum
1075 3159 1164 3242 cepit

182 3244 302 3315 Quibus
316 3245 407 3307 rebus
423 3266 491 3309 oum
505 3267 584 3309 nnus
599 3247 630 3309 in
646 3248 770 3310 civitate
783 3247 919 3308 maxime
932 3242 1069 3322 floreret,
1091 3244 1166 3308 inci·

117 3327 160 3392 35
183 3331 229 3394 dit
242 3331 274 3393 ιιι
288 3332 416 3393 eandem
427 3333 584 3409 invidiam,
600 3353 689 3412 quam
701 3337 788 3414 pater
800 3333 895 3414 ipsius
906 3332 1061 3412 ceterique
1072 3328 1167 3395 Athe·

181 3418 332 3481 niensium
346 3418 508 3500 principes.
541 3417 697 3499 Imprimis
713 3438 732 3480 a
745 3419 874 3494 Pericle,
891 3418 944 3499 qui
959 3418 1012 3479 illo
1029 3423 1168 3500 tempore

182 3505 401 3587 rempublicam
416 3523 574 3586 capessere
589 3505 703 3585 coepit,
724 3506 836 3587 populo
857 3504 989 3586 suspicio
1011 3506 1095 3567 mota
1109 3506 1166 3579 est,

183 3609 252 3653 ιιιιιι
266 3611 285 3654 a
298 3611 374 3672 rege
383 3590 582 3653 Macedoniae
597 3594 772 3672 corruptum
788 3591 975 3654 occasionem
988 3589 1054 3652 eius
1064 3592 1167 3653 terrac
