2504 4080
217 250 261 316 96
521 249 644 312 XVIII.
668 246 894 312 TIMOLEON.

219 423 374 498 ficeretur,
396 422 503 503 procul
523 423 555 483 in
570 422 721 504 praesidio
736 423 803 498 fuit,
825 442 864 483 ne
879 423 947 503 quis
962 422 1090 485 satelles
1107 430 1206 505 posset

220 527 405 570 succurrere.
450 508 518 570 Hoc
539 508 815 589 praeclarissimum
837 509 903 569 eius
924 510 1043 569 factum
1065 530 1129 571 non
1143 512 1205 592 pari

185 657 188 661 ,
220 594 309 656 modo
325 595 491 676 ¹probatum
510 600 559 655 est
578 595 616 657 ab
632 595 779 656 omnibus.
823 594 973 655 Nonnulli
992 596 1079 657 enim
1094 598 1205 658 laesam
1234 604 1239 617 “

220 681 258 741 ab
273 700 308 742 eo
323 681 469 762 pietatem
483 681 631 761 putabant
646 687 678 741 et
691 680 808 742 invidia
818 680 942 741 laudem
952 680 1080 742 virtutis
1092 684 1204 745 obtare·

172 765 199 829 5
220 768 302 828 bant.
347 767 448 828 Mater
469 787 543 828 vero
565 770 634 848 post
655 766 687 827 id
707 767 823 828 factum
842 786 941 845 neque
963 768 1092 828 domum
1113 769 1152 831 ad
1170 790 1200 829 10

221 853 317 914 filium
340 854 476 928 admisit,
500 873 597 933 neque
618 852 752 933 aspexit,
775 852 847 932 quin
862 872 931 912 eum
945 852 1139 915 fratricidam
1153 855 1203 915 im·

222 940 367 1021 piumque
386 941 541 1001 detestans
563 938 766 1018 compellaret.
811 937 930 1007 Quibus
953 939 1052 999 rebus
1067 938 1118 1001 ill'e
1130 942 1200 1001 adeo

223 1031 270 1086 est
285 1030 467 1100 commotus,
490 1029 525 1086 ut
547 1044 774 1105 nonnumquam
788 1025 871 1084 vitae
885 1024 976 1084 finem
992 1025 1096 1086 facere
1108 1026 1197 1086 vellet

222 1115 313 1190 atque
328 1131 368 1170 ex
382 1111 572 1188 ingratorum
587 1111 741 1171 hominum
756 1113 918 1190 conspectu
933 1114 1037 1172 morte
1053 1112 1195 1174 desedere.

152 1190 201 1256 ’10
212 1196 244 1256 II
307 1197 436 1256 Interim
450 1196 548 1257 Dione
563 1188 724 1277 Syracusis
744 1197 903 1257 interfecto
918 1195 1092 1277 Dionysius
1106 1218 1201 1260 rursus

224 1279 383 1360 Syracusis
399 1283 513 1361 potitus
528 1286 581 1343 011.
607 1280 701 1343 Cuius
716 1282 885 1345 adversarii
900 1302 990 1362 opem
1004 1302 1025 1344 a
1042 1281 1203 1346 Corinthiis

223 1368 376 1447 petierunt
396 1369 563 1448 ducemque
584 1389 642 1448 quo
664 1369 696 1429 in
718 1369 798 1430 bello
820 1371 978 1429 uterentur
1000 1371 1202 1449 postularunt.

222 1453 293 1514 Huc
319 1454 476 1515 Timoleon
506 1456 617 1515 missus
648 1455 818 1516 incredibili
849 1455 994 1515 felicitate
1024 1455 1205 1537 Dionysium

222 1541 287 1602 tota
301 1538 406 1602 Sicilia
421 1541 545 1622 depulit.
583 1541 663 1602 Nam
677 1559 747 1601 oum
761 1543 788 1601 is
804 1542 841 1602 ab
857 1540 969 1601 Hiceta
983 1540 1203 1604 circumsessus

161 1621 202 1686 15
224 1627 263 1686 de
283 1627 380 1687 salute
402 1628 589 1707 desperaret,
617 1626 812 1701 Timoleonti,
840 1647 930 1706 quem
951 1628 1059 1705 magni
1082 1629 1204 1701 faceret,

223 1729 325 1777 arcem
350 1713 488 1786 tradidit;
516 1712 565 1773 hio
590 1733 660 1773 eum
685 1733 726 1772 ex
755 1718 844 1793 pacto
873 1713 1059 1773 incolumem
1091 1715 1219 1793 (11111111Ι

224 1800 349 1877 tutoque
367 1801 403 1858 ut
425 1795 603 1859 Corinthum
622 1798 798 1877 perveniret
817 1797 929 1872 effecit,
952 1798 1032 1877 quod
1048 1801 1206 1879 utriusque

151 1932 155 1937 .
224 1882 366 1964 Dionysii
392 1885 499 1965 opibus
526 1881 674 1945 Corinthii
706 1903 796 1964 saepe
828 1885 923 1945 adiuti
952 1886 1088 1960 fuerant,
1123 1888 1205 1947 0111111

223 1970 423 2048 benignitatis
448 1970 625 2032 memoriam
650 1970 773 2032 volebat
802 1976 936 2044 exstare,
967 1990 1095 2051 eamque
1122 1991 1205 2052 prae

160 2051 202 2116 20
225 2056 339 2117 claram
361 2057 521 2118 victoriam
543 2056 686 2131 ducebat,
711 2056 743 2116 in
764 2075 823 2135 qua
844 2057 914 2137 plus
929 2059 1010 2117 esset
1026 2058 1206 2120 clementiae

225 2161 317 2223 quam
332 2144 529 2218 crudelitatis,
545 2152 696 2222 postremo
712 2147 821 2202 utnon
836 2142 933 2203 solum
948 2143 1074 2203 auribus
1088 2144 1206 2223 accipe-

224 2232 322 2303 retur,
345 2229 512 2289 sedetiam
535 2229 630 2289 oculis
654 2232 843 2303 cerneretur,
872 2247 961 2307 quem
984 2232 1015 2288 01
1037 2236 1204 2307 exquanto

224 2332 320 2390 regno
353 2315 392 2374 ad
416 2335 514 2394 -quam
543 2315 696 2376 fortunam
726 2314 914 2374 detrusisset.
959 2313 1035 2374 Post
1065 2315 1206 2396 Dionysii

225 2398 384 2458 decessum
406 2419 475 2460 cum
490 2400 601 2461 Hiceta
622 2400 761 2474 bellavit,
784 2400 836 2479 qui
857 2401 1036 2460 adversatus
1051 2410 1120 2462 erat
1135 2401 1204 2462 Dio·

160 2479 204 2544 25
226 2484 328 2564 nysio:
351 2505 440 2564 quem
464 2505 523 2546 non
544 2487 612 2548 odio
636 2486 807 2567 tyrannidis
823 2485 1003 2546 dissensisse
1017 2487 1074 2547 sed
1089 2487 1204 2568 cupidi·

224 2573 301 2645 tate,
325 2571 436 2632 indicio
451 2572 523 2646 fuit,
547 2574 627 2652 quod
649 2575 714 2652 ipse
735 2572 863 2652 expulso
879 2572 1025 2652 Dionysio
1042 2572 1205 2653 imperium

226 2657 379 2719 dimittere
400 2657 504 2719 noluit.
549 2658 616 2720 Hoc
642 2661 783 2740 superato
804 2658 960 2719 Timoleon
983 2658 1138 2720 maximas
1160 2678 1205 2720 oo·

226 2745 292 2827 pias
308 2742 606 2824 Carthaginiensium
622 2747 702 2825 apud
718 2741 887 2805 Crinissum
901 2745 1014 2804 flumen
1035 2744 1161 2824 fugavit
1174 2764 1206 2807 ac

226 2831 301 2892 satis
316 2832 428 2893 habere
444 2831 545 2911 coegit
559 2831 585 2890 si
605 2831 712 2891 liceret
727 2830 860 2891 Siciliam
880 2849 976 2909 usque
995 2830 1034 2891 ad
1050 2830 1206 2912 Halycum

49 2940 52 2945 ⁴
154 2901 205 2973 '30
225 2916 338 2976 flumen
350 2918 492 2978 obtinere.
520 2914 608 2998 Cepit
619 2917 710 2978 etiam
722 2916 919 2991 Mamercum,
935 2915 1079 2976 Italicum
1090 2917 1206 2992 ducem,

226 3000 379 3064 hominem
399 3004 578 3065 bellicosum
598 3008 629 3063 et
643 3006 813 3082 potentem,
835 3002 886 3082 qui
906 3006 1052 3082 tyrannos
1068 3003 1206 3065 adiutum

226 3084 258 3144 in
274 3083 408 3149 Siciliam
424 3094 559 3149 venerat.

152 3168 205 3230 III
313 3170 431 3240 Quibus
457 3174 550 3234 rebus
574 3173 717 3234 confectis
741 3193 809 3234 cum
831 3177 955 3254 propter
975 3173 1208 3237 diuturnitatem

227 3257 302 3318 belli
312 3277 371 3318 nou
385 3259 483 3319 solum
493 3259 642 3338 regiones,
660 3260 816 3320 sedetiam
827 3260 918 3321 urbes
929 3260 1065 3321 desertas
1077 3262 1208 3329 videret.

152 3339 205 3404 35
228 3344 412 3424 conquisIvit
433 3364 508 3424 quos
530 3346 641 3425 potuIt,
664 3346 796 3427 primum
818 3345 949 3419 Siculos,
971 3346 1040 3406 dein
1060 3343 1208 3409 Corintho

228 3431 390 3492 accersivit
417 3431 551 3507 colonos,
580 3431 659 3511 quod
685 3433 722 3493 ab
748 3433 792 3492 eis
818 3432 903 3493 initio
924 3429 1095 3512 Syracusae
1121 3438 1210 3496 erant

228 3519 375 3580 conditae.
414 3515 540 3579 Civibus
555 3518 709 3578 veteribus
724 3537 780 3579 sua
795 3518 937 3595 restituit,
952 3519 1040 3579 novis
1056 3519 1138 3581 bello
1155 3539 1207 3582 va-

228 3604 380 3666 cuefactas
403 3603 609 3686 possessiones
634 3604 748 3665 divisit.
793 3602 920 3665 Urbium
941 3605 1061 3666 moenia
1080 3606 1210 3668 disiecta
