2504 4080
386 250 456 313 VII.
480 251 710 314 LYSANDER.
997 250 1041 316 45

55 429 108 488 est
119 427 152 488 et
163 436 267 486 omnes
278 423 360 504 oepit
370 424 534 486 maximam
543 428 661 504 partem
671 443 785 487 vacuas
793 432 1040 507 praeteruorem,

54 512 174 593 'quibus
190 506 295 571 Conon
307 508 421 590 effugit.
466 509 517 570 Ex
532 510 661 590 captivis
675 513 791 585 autem,
815 512 867 592 qui
887 513 918 573 in
933 532 1041 574 manus

60 616 135 658 suas
151 596 350 670 devenerant,
373 595 432 657 tria
446 594 532 657 milia
552 595 701 675 supplicio
716 595 877 676 Lysander
891 597 992 660 affecit
1005 619 1042 661 ac

58 702 100 744 ne
116 680 241 761 sepeliri
255 679 377 760 quidem
391 699 518 761 corpora
531 700 640 760 passus
655 684 712 746 est.
741 681 860 743 Deinde
875 703 915 744 ex
930 685 1039 746 ceteris

57 768 189 830 urbibus
202 765 368 845 insulisque
378 765 533 846 praesidia
542 766 776 828 Atheniensium
790 769 910 848 expulit
923 788 1039 831 omnes-
1060 768 1083 832 5

59 872 121 934 que
143 851 256 912 milites
276 850 442 913 incolumes
462 851 578 913 dimisit
591 871 628 913 ea
642 852 833 929 condicione,
855 858 889 915 ut
903 853 1041 916 Athenas

59 959 95 1000 se
109 938 295 1013 conferrent,
323 940 484 1017 reputans,
510 957 570 1018 quo
598 938 702 1018 plures
726 938 863 1000 homines
884 938 958 1000 illuc
972 958 1041 1001 eon·

58 1023 232 1099 fluxissent,
248 1042 284 1084 eo
300 1023 430 1083 celerius
444 1023 648 1085 Athenienses
669 1024 803 1086 omnium
823 1044 925 1086 rerum
939 1026 1043 1107 inopia

58 1120 183 1193 pressos
198 1126 266 1169 sese
281 1108 444 1170 dedituros.

103 1195 151 1256 Ae
166 1213 236 1256 cum
248 1193 375 1255 nuntius
387 1196 491 1256 tantae
506 1195 602 1256 eladis
614 1195 750 1258 Athenas
762 1196 899 1277 perlatus
910 1201 1000 1274 esset,
1023 1196 1070 1259 IV
1088 1195 1128 1258 10

59 1300 167 1345 omues
180 1279 298 1340 relictis
312 1279 452 1341 domibus
466 1299 521 1361 per
535 1281 643 1341 urbem
658 1281 842 1359 discurrunt,
856 1283 934 1343 alius
949 1284 1043 1345 alium

42 1404 45 1409 ·
58 1367 247 1440 sciscitatur,
274 1367 429 1426 auctorem
457 1367 555 1427 nuntii
585 1367 725 1446 requirit,
754 1368 786 1428 iu
811 1369 910 1429 forum
935 1372 1045 1430 coeunt

61 1456 154 1533 atque
168 1452 211 1512 ibi
225 1470 281 1531 per
291 1454 387 1512 totam
397 1453 517 1513 noctem
528 1453 681 1514 fortunam
692 1453 846 1532 publicam
858 1472 1043 1531 conquerun-

60 1544 123 1602 tur.
165 1536 258 1598 Haud
282 1536 326 1598 ita
351 1537 447 1599 multo
473 1542 542 1618 post
563 1538 665 1599 hostes
695 1537 806 1598 adsunt
828 1541 859 1597 et
887 1537 1043 1600 obsidione

61 1622 250 1686 einwmdata
263 1623 404 1684 obsessos
419 1624 500 1684 fame
514 1626 655 1703 urguent.
683 1619 825 1684 Sciebant
841 1623 930 1698 euim,
945 1644 1042 1704 neque
1066 1619 1107 1683 15

62 1729 105 1772 ex
120 1707 259 1770 advectis
275 1708 370 1789 copiis
385 1709 516 1770 multum
531 1728 704 1789 superesse,
720 1711 753 1770 et
766 1729 804 1770 ne
819 1729 916 1771 novae
931 1710 1043 1772 advehi

60 1796 188 1878 possent
212 1794 417 1874 providerant.
463 1794 583 1865 Quibus
609 1794 698 1856 malis
724 1793 928 1856 Athenienses
954 1797 1044 1857 lracti

61 1884 135 1963 post
147 1879 271 1963 longam
285 1880 397 1941 famem
412 1884 443 1942 et
457 1880 579 1941 assidua
593 1900 717 1941 suorum
732 1881 841 1941 funera
850 1899 957 1960 paoem
967 1882 1044 1961 peti-

61 1967 189 2038 verunt,
213 1983 290 2044 quae
313 1984 387 2026 uum
409 1966 475 2027 dari
490 1970 608 2046 posset,
632 1966 685 2027 diu
700 1966 780 2027 inter
795 1967 892 2027 socios
907 1969 938 2027 et
952 1966 1044 2026 Lace-

60 2049 239 2113 daemonios
266 2050 469 2112 deliberatum
492 2054 546 2113 est.
578 2049 654 2112 Cum
672 2051 760 2114 multi
773 2051 936 2112 delendum
950 2050 1045 2112 Athe·
1067 2045 1111 2109 20

63 2136 215 2199 niensium
237 2154 348 2196 nomen
369 2138 535 2215 urbemque
556 2137 694 2198 incendio
717 2137 953 2199 consumendam
977 2155 1045 2197 cen-

63 2225 181 2296 serent,
210 2225 362 2299 negarunt
382 2222 614 2283 Lacedaemonii
634 2242 667 2283 se
688 2243 728 2282 ex
756 2222 874 2284 duobus
897 2219 1046 2284 Graeciae

62 2308 161 2372 oculis
177 2306 307 2373 alterum
321 2312 469 2383 eruturos,
484 2326 590 2388 pacem
605 2309 740 2388 polliciti,
757 2309 783 2369 si
795 2309 929 2370 demissa
939 2308 1045 2370 Pirae·

62 2408 137 2456 eum
147 2408 256 2454 uersus
267 2393 347 2455 muri
354 2394 478 2456 brachia
484 2393 640 2454 deicerent
647 2413 812 2474 naresque,
824 2414 902 2474 quae
912 2395 1046 2475 reliquae

48 2480 176 2555 'esseut
192 2482 314 2558 praeter
328 2479 487 2541 duodecim
498 2480 656 2541 traderent
664 2499 774 2560 resque
785 2480 908 2561 publiea
918 2481 1047 2559 triginta
1068 2471 1111 2536 25

62 2568 200 2628 rectores
215 2584 233 2626 a
247 2584 280 2626 se
294 2565 450 2626 institutos
464 2565 631 2646 acciperet3
646 2576 806 2645 praeterea
819 2566 943 2626 exsules
957 2565 1046 2627 redu·

64 2654 171 2714 oerent
191 2653 223 2711 et
244 2649 355 2712 iisdem
380 2651 485 2711 amieis
509 2651 699 2729 inimicisque
721 2652 770 2711 usi
790 2650 1047 2712 Lacedaemonios

65 2742 98 2799 et
118 2740 202 2798 terra
223 2737 255 2797 et
274 2737 351 2799 mari
370 2737 464 2797 duces
484 2737 691 2816 sequerentur.
734 2734 772 2796 Iu
787 2735 842 2796 has
856 2735 1048 2796 condiciones

63 2822 180 2884 deditio
195 2821 230 2882 lit
244 2824 276 2883 et
289 2822 485 2883 tibicinarum
499 2824 590 2882 cautu
604 2821 725 2882 moenia
744 2821 950 2897 destruuntur,
972 2823 1048 2881 tam·

64 2928 158 2990 quam
172 2907 199 2968 is
214 2906 280 2968 dies
298 2905 446 2970 Graeciae
460 2907 612 2968 libertatis
627 2907 768 2988 princeps
784 2909 873 2967 esset.
1070 2897 1114 2963 30

152 2992 313 3073 Lysander
333 2996 435 3055 autem
455 2997 556 3055 rostra
575 2996 733 3074 captarum
754 2991 878 3055 navium
901 2993 931 3052 et
955 2989 1050 3053 Athe·
1072 2985 1103 3047 V

64 3077 219 3140 niensium
232 3097 329 3139 naves
343 3082 375 3140 et
389 3098 525 3155 coronas,
545 3099 620 3159 quas
635 3098 654 3140 a
675 3078 850 3140 civitatibus
871 3079 950 3139 dono
964 3096 1050 3139 aece-

65 3167 168 3246 perut,
191 3167 223 3225 et
246 3165 471 3245 quadringenta
484 3165 678 3247 septuaginta
692 3164 817 3243 talenta,
839 3184 917 3245 quae
932 3164 1051 3244 reliqua

65 3252 156 3312 eraut
170 3251 202 3310 et
215 3248 335 3330 siquae
349 3251 410 3313 alia
423 3251 503 3313 bello
519 3253 654 3332 ceperat,
676 3249 937 3313 Lacedaemonem
957 3250 1049 3312 misit.

66 3334 142 3416 Ipse
156 3352 263 3396 rursus
282 3333 323 3399 ad
337 3336 498 3398 Thraciam
520 3337 673 3417 profectus
693 3340 742 3400 est
755 3338 858 3418 ibique
872 3336 1003 3417 superbe
1017 3352 1051 3394 se
1073 3326 1116 3391 35

63 3420 175 3501 gessit.
198 3420 336 3484 Victoria
350 3422 449 3484 elatus
464 3440 533 3484 cum
547 3425 638 3486 antea
652 3442 772 3506 semper
781 3424 927 3486 factiosus
935 3420 1052 3483 audax·

61 3527 129 3588 =que
143 3506 268 3583 finisset,
291 3508 337 3568 sie
359 3508 418 3570 sibi
433 3507 575 3584 indulsit,
600 3511 636 3570 ut
649 3509 715 3570 eius
729 3528 824 3589 opera
837 3508 870 3571 in
882 3505 1053 3568 maximum

61 3592 174 3657 odium
200 3589 348 3657 Graeciae
373 3593 606 3656 Lacedaemonii
631 3596 834 3678 pervenirent.
878 3591 1053 3654 Nemeum
