2504 4080
373 209 416 271 Π.
443 206 771 272 THEMISTOOLES.
935 254 937 259 -
1024 208 1065 274 19

81 400 166 444 mum
179 380 374 456 reducerent,
399 382 479 462 quod
494 400 555 443 non
569 381 644 443 satis
658 384 758 443 tutum
773 401 806 442 sc
821 379 916 461 Argis
930 381 1065 457 videbat,

81 465 254 547 Corcyram
266 467 460 547 demigravit,
484 467 523 528 de
538 486 599 547 qua
614 467 740 529 civitate
755 467 974 529 benemeritus
990 472 1067 529 crat:

81 553 131 614 Ibi
147 571 218 613 cum
232 552 296 614 cius
310 553 464 633 principes
475 552 743 615 animadvertisset
757 553 874 628 timere,
892 573 931 615 ne
942 556 1068 635 propter

82 659 117 700 sc
139 638 257 699 bellum
273 635 452 719 Corcyraeis
468 637 700 700 Lacedaemonii
722 642 754 700 et
770 637 975 700 Athenienses
990 638 1068 701 indi·

82 727 202 800 cerent,
232 724 271 785 ad
294 724 469 800 Admetum,
503 724 707 786 Molossorum
733 744 857 803 regem,
883 744 1066 805 quamquam
1108 721 1130 786 ὃ

82 810 185 871 animo
200 809 259 871 sibi
273 810 396 873 inimico
411 830 480 872 esse
494 810 617 886 sciebat,
634 810 782 890 confugit.
827 809 954 873 Eccum
964 811 1066 871 venis·
1132 805 1135 809 ’

81 899 129 957 set
151 899 182 957 et
202 896 235 956 in
255 896 431 977 praesentia
451 916 508 957 rex
530 899 665 973 abesset,
696 897 793 958 filium
815 899 881 958 eius
902 897 1066 977 parvulum

81 980 212 1062 arripuit
232 987 264 1044 et
286 1001 356 1043 cum
377 1002 412 1043 eo
434 1002 468 1042 se
487 982 520 1042 in
534 983 651 1059 iocum,
674 983 725 1063 qui
750 1003 869 1046 summa
882 983 1067 1044 caerimonia

81 1067 247 1143 colebatur,
263 1068 401 1129 coniecit.
445 1068 523 1129 Inde
537 1088 597 1129 non
617 1069 702 1149 prius
724 1088 867 1150 egressus
893 1071 953 1145 est,
976 1086 1067 1148 quam

80 1173 139 1214 rex
162 1173 232 1214 eum
254 1153 326 1216 data
346 1155 456 1215 dextra
477 1154 509 1215 in
523 1154 615 1215 iidem
635 1156 763 1234 recepit,
788 1174 880 1236 quam
902 1154 1064 1236 praestitit.
1091 1151 1131 1215 10

81 1239 248 1302 Nemeum
263 1240 300 1300 ab
315 1239 553 1301 Atheniensibus
569 1244 600 1301 et
614 1239 862 1303 Lacedaemoniis
877 1241 999 1321 publice
1013 1260 1066 1300 ex-

81 1328 266 1407 posceretur,
278 1325 448 1406 supplicem
458 1345 518 1387 ncn
529 1326 672 1406 prodidit,
686 1327 740 1387 sed
752 1347 831 1402 eum,
847 1327 899 1406 qui
911 1327 950 1388 ad
961 1345 1067 1404 regem

81 1411 248 1472 Persarum
262 1411 413 1493 proficisci
427 1412 531 1488 vellet,
547 1411 689 1493 Pydnam
706 1413 814 1473 deduci
830 1412 920 1472 iussit
930 1415 970 1487 et,
986 1412 1066 1490 quod

81 1498 158 1559 satis
173 1503 255 1558 esset
268 1498 422 1578 praesidii,
440 1498 532 1558 dedit.
576 1497 638 1558 Hic
657 1517 768 1559 navem
788 1496 928 1558 omnibus
943 1498 1067 1575 ignotus

81 1583 183 1646 nautis
199 1583 382 1646 conscendit.
411 1583 499 1654 Quae
514 1603 583 1646 cum
598 1586 780 1664 tempestato
794 1583 930 1645 maxima
944 1583 1068 1644 Naxum
1090 1578 1131 1643 15

81 1670 229 1743 ferretur,
257 1668 310 1730 ubi
332 1673 397 1730 tum
420 1668 653 1730 Atheniensium
678 1672 745 1731 erat
774 1670 943 1745 exercitus,
972 1667 1068 1730 sensit

81 1754 313 1830 Themistocles,
329 1755 356 1815 si
367 1774 402 1817 eo
414 1755 614 1836 peruenisset,
630 1755 689 1816 sibi
700 1775 768 1816 esse
779 1756 976 1836 pereundum.
999 1754 1068 1816 Hac

81 1840 266 1902 necessitate
287 1844 410 1903 coaetus
433 1842 553 1903 domino
575 1841 664 1904 navis
687 1842 739 1920 qui
760 1846 842 1902 esset
862 1841 974 1921 aperit,
998 1859 1067 1901 cum

81 1926 259 2001 minaretur,
274 1927 334 1987 nisi
349 1946 383 1987 sc
393 1931 614 2002 conservasset,
630 1947 664 1988 se
676 1928 828 1989 dicturum
842 1927 929 1987 illum
941 1926 1069 2007 pecunia

82 2015 260 2093 corruptum
275 2032 308 2073 se
321 2014 484 2094 recepisse.
529 2011 573 2074 At
593 2014 647 2075 ille
667 2013 748 2074 diem
768 2017 948 2092 noctemque
962 2011 1069 2093 procul
1090 2009 1132 2074 20

82 2099 122 2160 ab
143 2098 245 2159 insula
266 2098 298 2157 in
319 2098 384 2160 salo
406 2118 518 2160 nauem
540 2099 638 2160 tenuit
658 2099 690 2159 in
713 2101 831 2161 ancoris
851 2118 949 2179 neque
965 2116 1067 2178 quem·

82 2202 177 2265 quam
200 2203 241 2244 ex
264 2202 301 2246 ea
320 2183 406 2245 exire
428 2204 536 2265 passus
557 2189 612 2246 est.
656 2185 734 2246 Inde
747 2183 904 2266 Ephesum
926 2183 1068 2266 pervenit

83 2269 188 2349 ibique
203 2269 438 2332 Themistoclem
453 2271 591 2352 exponit3
614 2271 664 2331 cui
678 2271 728 2331 hic
748 2291 803 2351 pro
824 2271 943 2332 meritis
962 2273 1069 2352 postea

81 2355 216 2435 gratitrm
229 2355 343 2417 retulit.
1086 2355 1120 2416 X

171 2439 240 2503 Scio
260 2441 422 2523 plerosque
443 2442 488 2503 ita
508 2442 681 2523 scripsisse,
706 2441 944 2504 Themistoclem
959 2441 1068 2504 Xerxe
1089 2437 1131 2504 25
1227 2505 1235 2514 ,

81 2530 233 2606 regnante
245 2526 278 2588 in
293 2527 401 2589 Asiam
422 2528 577 2589 transisse.
623 2527 683 2590 Sed
704 2547 761 2608 ego
777 2529 969 2609 potissimum
986 2528 1066 2589 Thu-

83 2611 190 2701 cydidi
211 2614 316 2690 oredo,
339 2613 420 2693 quod
443 2618 545 2675 aetate
566 2614 724 2694 proximus
739 2615 777 2675 do
792 2615 854 2690 his,
876 2615 929 2694 qui
943 2614 1066 2674 illorum

82 2701 255 2779 temporum
269 2699 429 2761 historiam
443 2700 641 2779 reliquerunt,
657 2702 689 2760 et
704 2699 840 2761 eiusdem
852 2699 987 2761 civitatis
998 2697 1067 2760 iuit.¹

82 2784 235 2847 Its-autam
249 2786 294 2847 ait
307 2786 347 2847 ad
356 2785 564 2846 Artaxerxem
575 2805 645 2845 eum
659 2785 782 2847 venisse
796 2789 888 2864 atque
902 2784 950 2845 his
964 2782 1067 2845 verbis

81 2869 245 2951 epistolam
272 2872 408 2933 misisse:
439 2871 725 2933 Themistocles
746 2871 838 2932 veni
860 2870 908 2932 ad
927 2873 976 2946 te,
1002 2870 1066 2951 qui
1089 2866 1132 2933 30

82 2955 251 3039 plurima
272 2958 370 3019 mala
393 2957 588 3018 hominum
603 2953 840 3020 Graecorum
861 2956 900 3018 in
920 2957 1066 3019 domum

81 3045 188 3104 tuam
210 3043 347 3120 intuli,
371 3044 548 3123 quamdiu
575 3042 666 3104 mihi
694 3062 860 3104 necesse
890 3043 980 3120 iuit,
1010 3062 1067 3104 mc
1157 3056 1163 3067 ·

83 3145 105 3190 a
140 3131 253 3209 patre
284 3133 346 3191 tuo
379 3129 601 3190 defendere.
657 3129 764 3190 Idem
798 3129 916 3192 multo
950 3130 1068 3211 plura

83 3213 288 3291 benefeci,
304 3218 501 3296 postquam
515 3216 552 3275 in
568 3217 649 3277 tuto
664 3215 748 3296 ipse
763 3215 887 3277 etille
905 3216 1067 3277 rediens

81 3300 123 3363 in
146 3301 325 3382 periculo
347 3320 436 3362 esse
466 3300 602 3381 eoepit.
648 3298 696 3363 Ut
723 3301 849 3380 igitur
875 3299 1067 3363 beneficii
1089 3295 1132 3360 35

81 3386 215 3467 gratia
235 3387 319 3450 iure
343 3387 435 3448 mihi
458 3387 621 3448 debetur
636 3383 902 3471 (commemoravit
916 3389 1020 3449 antem
1034 3403 1067 3446 se

81 3470 133 3535 illi
155 3468 288 3536 Graecos
307 3472 415 3553 fugam
434 3485 454 3534 a
473 3470 627 3535 Salamine
648 3473 751 3535 moliri
771 3474 938 3549 indicasse,
963 3475 995 3533 et
1012 3488 1069 3530 sna

81 3577 180 3642 opera
199 3561 322 3641 pontem
343 3565 409 3621 tum
430 3559 634 3640 interruptum
654 3578 716 3621 non
738 3579 820 3635 esse,
841 3560 874 3620 id
889 3557 970 3638 quod
984 3575 1067 3616 men-

880 3658 912 3712 ,a
