2504 4080
242 250 304 315 108
577 251 652 311 XX.
674 250 882 312 natantes.

239 427 359 504 gestam
370 423 525 504 comperit,
538 424 642 484 statim
654 423 775 484 admitti
786 424 885 499 iussit,
896 441 1086 502 magnopere
1098 424 1223 485 delecta·

240 516 290 570 tus
315 528 384 569 enm
407 508 487 570 sacto
513 515 581 569 tum
606 516 729 581 ornatu,
753 510 785 569 in
806 509 914 590 primis
936 508 1019 587 quod
1047 510 1160 571 nobilis
1173 530 1222 571 rex

240 595 273 655 in
294 598 476 675 potestatem
497 595 665 675 inopinanti
685 604 819 656 venerat
865 595 974 674 ltaque
989 595 1156 674 magnifiee
1169 595 1223 656 Da

242 686 343 742 tamen
355 682 499 742 denatum
511 681 549 741 ad
562 682 730 740 exereitum
743 682 835 755 misit,
852 682 981 760 quitum
991 682 1226 744 contrahebatur

198 762 318 828 5duee
342 767 538 829 Pharnabazo
563 775 594 827 et
620 766 794 827 Tithrauste
821 767 859 828 ad
881 768 999 827 bellum
1027 767 1221 849 Aegyptium,

241 850 368 934 parique
383 874 452 913 enm
468 857 559 932 atque
579 852 648 912 illos
663 853 790 932 imperio
807 872 874 912 esse
888 853 985 913 iussit.
1027 853 1142 914 Postea
1155 873 1222 915 vero

242 959 333 1020 quam
348 939 580 1000 Pharnabazum
607 958 664 998 rex
691 939 860 1013 revocarit,
887 938 934 999 illi
960 958 1088 1001 summa
1109 939 1219 1019 imperii

242 1026 357 1086 tradita
372 1032 425 1086 est.

172 1108 222 1170 IV
328 1109 388 1169 Hie
400 1129 469 1169 oum
482 1109 616 1169 maximo
628 1109 728 1170 studio
741 1112 930 1189 compararet
942 1111 1119 1172 exereitum
1125 1110 1213 1191 begy-

179 1191 222 1254 10
243 1199 390 1276 ptumque
410 1193 560 1274 prefioisei
575 1201 711 1274 pararet,
733 1196 832 1257 subite
854 1214 961 1275 aroge
976 1196 1106 1257 litterae
1119 1206 1181 1257 sunt
1191 1194 1217 1255 ei

243 1281 368 1355 missae,
391 1290 426 1340 nt
441 1277 549 1359 Aspim
565 1282 799 1358 aggrederetur,
823 1283 874 1361 qui
891 1278 1076 1343 Cataoniam
1098 1282 1222 1344 tenebat:

244 1386 323 1445 quae
349 1385 426 1445 gens
456 1367 535 1426 iaeet
563 1386 653 1447 supra
682 1364 821 1427 Cilioiam
852 1367 976 1428 eonfinis
1008 1365 1220 1449 Cappadociae

243 1452 384 1532 Namque
398 1453 491 1532 Aspis
507 1453 672 1513 saltuosam
687 1454 846 1531 regionem
868 1452 1067 1532 castellisque
1084 1454 1222 1515 munitam

244 1538 378 1601 ineelens
394 1558 453 1600 non
468 1538 567 1599 solnm
587 1538 713 1618 imperio
734 1540 818 1618 regis
838 1556 898 1599 non
912 1539 1052 1618 parebat,
1068 1541 1222 1601 sedetiam

181 1618 223 1685 15
245 1626 389 1685 finitimas
410 1624 550 1703 regiones
571 1625 705 1684 vexabat
724 1633 756 1684 et
776 1644 854 1703 qnae
873 1625 941 1703 regi
961 1634 1163 1704 portarentur
1178 1624 1222 1687 ab

245 1710 384 1790 ripiebat.
428 1710 573 1770 Datames
588 1710 644 1769 etsi
662 1711 752 1789 longe
773 1711 879 1771 aberat
893 1711 931 1771 ab
946 1713 991 1771 eis
1005 1712 1182 1790 regionibus
1195 1711 1223 1771 et

247 1816 266 1856 a
280 1797 394 1856 maiore
409 1814 442 1854 re
457 1795 702 1870 abstrahebatur,
726 1802 828 1856 tamen
844 1797 928 1875 regis
942 1796 1101 1858 voluntati
1116 1814 1221 1859 merem

244 1881 414 1960 'gerendum
430 1881 557 1960 putavit.
595 1882 704 1960 Itaque
720 1901 786 1941 oum
803 1885 920 1965 paneis,
937 1882 990 1942 sed
1006 1882 1087 1944 viris
1102 1883 1221 1945 fortibus

245 1987 355 2028 navem
379 1967 566 2040 eonseendit,
592 1969 772 2028 existimans
795 1969 875 2047 quod
896 1968 1021 2043 accidit,
1052 1969 1173 2030 saeilins
1192 1984 1220 2026 se

97 2086 101 2095 ·
180 2044 224 2111 20
246 2052 470 2134 imprudentem
494 2071 590 2131 parva
612 2072 704 2113 manu
732 2072 947 2133 oppressurum
970 2073 1062 2132 quam
1090 2060 1219 2136 paratum

246 2140 385 2219 quamvis
401 2158 511 2219 magno
527 2140 674 2203 exereitu.
697 2138 764 2201 Hae
779 2141 897 2200 delatus
913 2140 943 2198 in
960 2136 1112 2215 Ciliciam,
1128 2157 1218 2219 egres

245 2245 297 2284 sus
312 2225 384 2284 inde
399 2225 464 2284 dies
479 2234 642 2304 noetesque
653 2226 712 2285 iter
724 2226 838 2286 l'aeiens
850 2225 983 2285 Taurum
996 2227 1121 2287 transiit
1135 2242 1220 2305 eoque

192 2342 194 2347 ·
246 2330 304 2389 quo
320 2311 479 2370 studuerat
493 2310 585 2370 venit.
610 2309 739 2380 Quaerit
753 2312 861 2389 quibus
877 2311 952 2372 loeis
973 2311 1014 2372 sit
1028 2311 1139 2392 Aspisa
1159 2328 1219 2389 oeg-

246 2396 342 2456 noseit
370 2396 450 2456 haud
476 2396 568 2475 longe
593 2397 699 2457 abesse
726 2400 953 2477 profectumque
979 2417 1049 2457 eum
1074 2406 1220 2459 venatum,

179 2472 223 2539 25
246 2480 333 2550 Quae
348 2482 422 2541 dum
444 2485 633 2561 speculatur,
658 2483 810 2543 adrentus
833 2484 898 2543 eius
914 2501 1005 2543 eausa
1021 2486 1219 2562 cognoscitur.

245 2565 365 2628 Pisidas
388 2586 456 2627 eum
479 2568 538 2643 eis,
566 2588 640 2647 quos
663 2589 765 2628 seeum
787 2569 933 2642 habebat,
960 2569 999 2628 ad
1023 2570 1220 2631 resistendum

248 2652 339 2734 Aspis
362 2658 525 2735 comparat.
571 2654 608 2714 ld
632 2654 776 2717 Datames
797 2655 850 2714 ubi
873 2655 999 2728 audivit,
1024 2673 1112 2717 arma
1125 2655 1219 2725 sumit,

245 2760 315 2801 suos
331 2741 415 2820 sequi
431 2741 527 2815 iubet,
551 2740 617 2820 ipse
631 2762 707 2820 equo
723 2741 871 2801 eeneitato
894 2741 933 2800 ad
955 2740 1073 2802 hostem
1097 2742 1218 2803 vehitur.

245 2825 344 2895 Quem
360 2827 464 2908 proeul
480 2826 574 2907 Aspis
590 2828 777 2907 conspiciens
799 2827 837 2888 ad
859 2846 891 2885 se
911 2827 1059 2886 ferentem
1086 2828 1220 2908 pertime.

181 2902 225 2968 30
246 2913 304 2971 seit
335 2924 425 2992 atque
453 2933 470 2972 a
496 2916 605 2973 uenatu
630 2912 791 2972 resistendi
817 2913 981 2973 deterritus
1006 2932 1075 2973 sese
1102 2912 1217 2974 dedidit.

246 2995 336 3055 Hune
358 2998 501 3059 Datames
524 3000 661 3058 vinetum
684 2998 723 3056 ad
747 3017 851 3078 regem
873 2998 1044 3059 ducendum
1059 3000 1156 3061 tradit
1170 2996 1218 3058 Mi-

247 3080 386 3142 thradati.

199 3161 225 3223 V
333 3167 418 3228 llaee
448 3170 519 3228 dum
549 3170 711 3248 geruntur,
741 3168 946 3241 Artaxerxes,
980 3170 1180 3231 reminiscens
1205 3186 1222 3229 u

247 3260 359 3331 quanto
376 3254 456 3313 bello
478 3254 516 3313 ad
533 3272 622 3333 quam
639 3272 766 3332 parram
781 3276 845 3315 rem
861 3255 1028 3335 prinoipem
1045 3257 1158 3317 dueum
1173 3254 1222 3316 mi·

170 3332 225 3397 .Βῦ
248 3338 345 3413 sisset,
362 3358 395 3398 se
410 3339 475 3418 ipse
489 3340 686 3419 reprehendit
700 3347 731 3401 et
745 3341 884 3401 nuntium
900 3342 938 3401 ad
955 3343 1129 3404 exereitum
1143 3341 1224 3403 Acen

246 3424 337 3499 misit,
354 3425 433 3504 qued
449 3427 582 3486 nondum
598 3424 746 3487 Datamen
762 3429 931 3508 prol'eetum
952 3428 1093 3506 putabat,
1117 3430 1169 3509 qui
1184 3427 1224 3488 di-

246 3517 337 3588 eeret,
353 3531 391 3572 ne
405 3510 443 3571 ab
459 3512 595 3572 exercitu
611 3514 788 3574 diseederet.
820 3513 880 3572 Hie
894 3515 1070 3593 priusquam
1086 3512 1224 3596 perveni·

245 3599 295 3657 ret
308 3616 366 3676 que
382 3601 448 3659 orat
462 3598 629 3679 proiectus,
653 3600 684 3660 in
699 3599 809 3660 itinere
823 3600 966 3660 eonvenit
980 3600 1032 3678 qui
1047 3596 1159 3680 Aspim
1175 3601 1224 3662 du·

279 3852 305 3904 A
