2504 4080
352 234 396 294 Π.
421 231 747 296 THEMISTOCLES.
1002 235 1040 297 11

62 401 164 465 Pariis
178 398 265 464 venit
279 403 310 464 in
325 404 495 486 opinionem
510 404 632 486 siguum
646 425 714 465 esse
729 423 748 465 a
768 405 932 467 classiariis
946 406 1043 486 regiis

64 490 185 565 datum,
209 509 267 569 quo
287 490 402 551 factum
423 494 483 566 est,
505 494 539 551 ut
559 510 578 553 a
599 490 752 553 deditione
772 491 999 554 deterrerentur
1013 496 1045 554 et

63 572 222 637 Miltiades
243 576 368 652 timens,
396 596 435 636 ne
457 576 563 638 classis
584 577 670 656 regia
689 577 884 654 adventaret,
910 578 1042 640 incensis

64 661 215 742 operibus,
231 681 309 740 quae
323 665 484 738 statuerat,
504 681 572 723 cum
587 663 714 724 totidem
727 663 857 724 navibus
870 668 961 743 atque
976 673 1043 726 erat

66 747 218 828 proiectus
239 752 309 828 post
335 748 447 828 viginti
469 768 526 809 sex
551 749 617 809 dies
643 768 713 809 cum
738 767 852 829 magna
879 749 1042 812 offensione
1063 748 1085 813 5

64 833 178 894 civium
192 832 329 896 Athenas
343 835 464 895 rediret.
510 833 582 915 Ipse
596 837 698 895 autem
713 840 856 913 aegrotus
872 839 950 910 erat;
970 855 1042 896 nam

61 919 95 980 in
111 918 222 1000 oppido
237 920 449 1000 oppugnando,
465 923 500 981 nt
513 920 687 982 Herodotus
702 921 805 996 tradit,
822 920 860 982 de
874 921 1041 1002 sepimento

61 1005 171 1086 templi
187 1002 315 1081 Cereris,
331 1006 412 1086 quod
425 1011 496 1068 ante
510 1006 616 1067 urbem
631 1010 743 1068 enatet
757 1007 838 1086 quod
852 1008 954 1068 nescio
969 1007 1042 1086 quid

60 1092 199 1153 facturus
214 1091 370 1172 ingressus
385 1096 459 1165 erat,
475 1092 618 1154 desiliens
632 1094 732 1155 femur
745 1093 888 1173 fregerat.
925 1093 1041 1154 Rever-

60 1198 132 1238 sum
154 1180 256 1251 autem
276 1198 346 1239 cum
366 1177 419 1239 alii
431 1177 634 1240 Athenienses
653 1178 854 1255 infamabant,
877 1184 941 1240 tum
955 1198 1041 1259 prae·
1064 1176 1106 1242 10

60 1263 153 1345 cipue
167 1262 372 1344 Xanthippus,
388 1263 582 1344 Aloiphronis
595 1264 686 1340 filius,
703 1265 755 1344 qui
769 1285 838 1325 eum
853 1264 933 1345 apud
947 1285 1041 1347 popu·

62 1349 130 1410 lum
145 1349 253 1429 capitis
266 1350 430 1426 accusavit,
446 1350 526 1429 quod
536 1348 738 1411 Athenienses
749 1350 960 1412 fraudarisset.
985 1349 1042 1412 Cui

60 1436 250 1497 accusationi
270 1435 426 1499 Miltiades
448 1454 508 1497 non
530 1454 586 1515 per
609 1456 643 1496 se
664 1436 730 1516 ipse
749 1436 920 1515 respoudit,
943 1456 1041 1516 neque

61 1522 146 1584 euim
160 1525 293 1602 poterat,
317 1523 368 1602 qui
389 1524 582 1603 putrescente
602 1521 717 1582 femore
737 1521 770 1581 in
789 1522 869 1582 lecto
883 1520 916 1582 in
929 1521 1040 1583 iudicio

60 1608 218 1690 proposito
233 1608 355 1683 iaceret,
371 1609 425 1668 sed
440 1627 494 1687 pro
510 1626 545 1667 eo
557 1606 647 1667 amici
657 1624 780 1667 causam
791 1606 945 1684 dixerunt,
961 1627 1040 1668 com·
1065 1603 1105 1668 lb

60 1696 266 1756 memorantes
281 1713 351 1754 cum
365 1693 427 1754 alia
440 1692 537 1753 multa
548 1692 613 1754 eius
628 1692 667 1752 de
676 1693 835 1774 republica
844 1694 962 1770 merita,
975 1698 1041 1755 tum

60 1798 137 1841 vero
158 1799 292 1860 pugnam
311 1780 351 1840 ad
365 1778 546 1841 Marathona
564 1778 685 1840 factam.
729 1778 911 1840 interventu
931 1779 1042 1841 deinde

46 1865 169 1947 “populi
189 1866 305 1926 iactum
325 1868 384 1940 est,
406 1869 441 1927 ut
460 1865 568 1946 capitis
584 1864 803 1940 absolveretur,
826 1865 882 1925 sed
896 1866 1040 1945 quinqua

64 1950 150 2031 ginta
173 1951 311 2026 talentis,
344 1970 434 2032 qnam
463 1970 591 2032 poenam
621 1970 676 2031 pro
700 1951 911 2030 magnitudine
936 1951 1041 2012 delicti

61 2037 155 2099 statui
169 2057 225 2117 par
239 2037 410 2112 videbatur,
426 2037 572 2099 multatus
587 2046 642 2097 est.
1061 2034 1104 2098 20

148 2121 226 2184 Sunt
247 2123 299 2203 qui
321 2123 516 2198 tradiderint,
545 2123 614 2202 qnia
634 2121 794 2202 pecuniam
814 2122 846 2182 in
867 2120 1039 2202 praesentia
1061 2122 1112 2184 XI

59 2209 183 2270 solvere
203 2228 263 2269 non
286 2212 401 2290 posset,
426 2229 496 2271 eum
510 2209 542 2269 iu
556 2207 659 2270 vincla
673 2208 842 2273 coniectum
857 2227 925 2268 esse
938 2208 1040 2287 ibique

59 2294 145 2356 diem
159 2314 334 2375 supremum
348 2295 461 2370 obisse;
476 2294 573 2356 filium
587 2313 705 2373 qnoque
720 2291 878 2355 Cimonem
897 2296 966 2375 post
987 2313 1040 2375 pa-

60 2380 120 2441 tris
127 2387 256 2442 mortem
267 2382 373 2442 eadem
386 2380 523 2441 custodia
531 2384 722 2441 asservatum
733 2380 836 2456 fuisse,
844 2380 940 2441 donec
950 2399 1041 2460 pecu·

59 2466 144 2527 niam
159 2466 375 2551 pependissetr
389 2468 426 2527 de
442 2486 501 2547 qua
521 2485 555 2527 re
570 2465 752 2541 Herodotus,
774 2470 879 2528 auctor
894 2466 1038 2546 locuples,
1061 2463 1105 2528 25

61 2552 109 2613 nil
122 2559 236 2627 namet,
253 2553 285 2613 id
301 2556 418 2613 tantum
433 2552 597 2627 affirmans,
612 2571 684 2612 eum
695 2552 798 2631 paullo
810 2554 880 2633 post
892 2551 1039 2613 dissoluto

58 2637 178 2699 femore
192 2639 373 2715 decessisse,
396 2637 616 2717 quinquaginta
632 2640 734 2697 autem
753 2638 869 2699 talenta
884 2634 1041 2698 Cimonem

58 2722 161 2785 fllium
176 2724 352 2785 exsolvisse.
398 2724 458 2783 Hic
473 2723 531 2784 etsi
553 2722 679 2783 crimine
693 2722 784 2784 Pario
806 2727 854 2784 est
872 2726 1040 2799 accusatus,
1105 2788 1108 2795 Ι

59 2812 166 2871 tamen
180 2811 241 2871 alia
255 2830 346 2872 causa
360 2810 418 2870 fuit
433 2808 642 2871 damnationis.
681 2807 821 2888 Namque
834 2807 1037 2870 Athenienses

58 2898 187 2977 propter
211 2896 366 2957 Pisistrati
388 2895 599 2976 tyrannidem,
625 2912 703 2974 quae
729 2894 833 2974 paucis
860 2894 947 2955 annis
969 2898 1040 2956 ante
1062 2892 1105 2958 30

58 2981 171 3056 fuerat,
187 2982 321 3042 omnium
336 2982 449 3042 civium
471 3000 595 3042 suorum
610 2980 776 3062 potentiam
790 2981 1038 3043 extimescebant.

57 3065 220 3128 Miltiades
243 3069 373 3128 multum
392 3068 424 3128 in
448 3067 583 3147 imperiis
604 3066 785 3147 magnisque
812 3071 953 3128 versatus
980 3087 1040 3128 non

58 3151 226 3214 videbatur
239 3154 379 3234 privatus
394 3173 461 3215 esse
475 3172 574 3235 posse,
596 3154 776 3235 praesertim
797 3172 866 3214 cum
880 3157 1039 3216 consuetu-

56 3238 134 3299 dine
148 3239 187 3300 ad
202 3239 321 3319 imperii
336 3239 534 3320 cupiditatem
549 3260 617 3300 eum
633 3238 713 3300 trahi
723 3239 938 3301 existimarent.
961 3239 1040 3300 Nam
1163 3238 1165 3242 ’

58 3326 95 3386 in
106 3320 295 3387 Chersoneso
307 3345 411 3386 omnes
422 3326 492 3387 illos
503 3345 577 3405 quos
591 3325 744 3386 habitarat
757 3344 850 3387 annos
861 3325 1040 3406 perpetuam
1062 3319 1105 3385 35

57 3410 234 3472 obtinuerat
248 3411 484 3472 'dominationem
500 3415 709 3493 tyrannusque
723 3411 782 3472 iuit
802 3411 971 3492 appellatus
985 3409 1041 3469 sed

56 3497 169 3558 iustus.
213 3496 352 3576 Namque
367 3498 520 3577 oppressis
534 3497 588 3573 iis,
610 3497 662 3578 qui
677 3496 874 3558 dominationi
888 3514 961 3556 suae
975 3493 1039 3555 offi-

55 3600 132 3644 cere
145 3601 236 3664 posse
248 3583 434 3659 siderentur,
451 3603 518 3644 eam
529 3586 710 3664 potestatem
718 3581 854 3643 bonitate
863 3579 1039 3642 retinuerat.
