2504 4080
163 131 225 197 112
495 132 571 197 XX.
595 132 803 197 urrffls.

162 308 194 368 in
209 324 261 366 eos
276 305 411 368 coniecit.
455 306 524 368 Hoc
538 306 619 367 idem
634 326 703 367 cum
717 305 855 367 universi
868 307 1034 384 fecissent,
1051 311 1143 391 prins·

164 412 253 471 quam
269 394 464 472 pervenirent
477 394 516 454 ad
532 413 614 467 eum,
637 414 727 473 quem
747 392 875 474 aggredi
890 395 1059 472 volebant,
1081 417 1143 460 con·

163 478 218 538 fixi
233 480 437 540 conciderunt.

106 566 142 629 'X
250 564 310 625 IIic
325 576 425 625 tamen
441 569 505 625 tam
526 564 653 626 callidus
668 564 716 624 vir
731 570 870 626 extremo
885 569 1032 648 tempore
1047 574 1142 651 captus

120 651 142 714 5
165 655 213 710 est
226 649 423 728 Mithridatis,
438 651 652 712 Ariobarzanis
666 651 730 724 filii,
747 652 824 713 dolo.
861 651 1011 734 Namque
1027 656 1053 716 is
1067 656 1142 736 polli-

165 738 243 797 citus
264 742 311 798 est
331 739 399 818 regi
421 757 537 798 seeum
558 738 801 811 interfecturum,
826 738 852 797 si
873 758 934 798 rex
949 744 1139 819 permitteret,

163 832 199 883 ut
213 824 412 902 quodcunque
427 824 522 884 vellet
537 824 643 883 liceret
662 824 784 904 impune
804 824 919 898 facere,
945 826 1093 907 fidemque
1105 828 1138 886 de

164 929 201 969 ea
215 929 248 968 re
263 929 346 969 more
361 909 524 970 Persarum
547 910 675 970 dextera
689 911 830 970 dedisset.
875 909 1025 974 Hanc-ut
1035 913 1134 992 accepit

163 1014 182 1055 a
204 1014 278 1071 rege
303 997 442 1065 missam,
471 997 573 1075 copias
599 1004 688 1076 parat
711 1003 741 1056 et
763 997 871 1056 absens
893 1000 1130 1061 amicitiamcim

101 1082 144 1145 10
165 1081 294 1140 Datame
309 1082 395 1140 t'acit:
415 1081 497 1158 regis
513 1082 685 1161 provincias
700 1089 807 1156 vexat,
829 1083 963 1144 castella
984 1088 1134 1166 expugnat,

164 1185 292 1243 magnas
318 1167 447 1245 praedas
475 1168 571 1247 capit,
601 1186 728 1246 quarum
755 1176 872 1248 partem
903 1171 971 1230 suis
1001 1171 1139 1252 dispertit

164 1263 282 1332 partem
299 1255 337 1313 ad
355 1252 502 1313 Datamen
524 1254 629 1314 mittit:
651 1255 716 1333 pari
737 1255 825 1314 modo
846 1256 1013 1334 complura
1029 1257 1141 1319 castella

165 1339 193 1397 ei
210 1339 309 1399 tradit.
334 1338 419 1399 Haec
430 1340 483 1399 diu
499 1340 636 1401 iaciendo
652 1341 803 1419 persuasit
818 1341 931 1401 homini
948 1362 982 1403 se
1001 1344 1141 1404 infinitum

165 1426 312 1485 adiersus
328 1445 434 1504 regem
448 1427 620 1506 suscepisse
635 1425 758 1497 bellum,
774 1446 842 1486 oum
857 1427 954 1488 nihilo
971 1432 1090 1509 magis,
1110 1448 1141 1489 ne

101 1509 143 1574 15
165 1530 254 1590 quam
270 1513 472 1591 suspicionem
489 1512 534 1572 illi
550 1512 710 1591 praeberet
725 1513 918 1588 insidiarum,
942 1534 1046 1594 neque
1061 1515 1141 1577 colle

164 1597 268 1674 quium
290 1599 356 1656 eius
383 1598 490 1677 petivit
510 1617 607 1676 neque
628 1598 658 1656 in
679 1605 874 1679 conspectum
896 1600 1005 1660 venire
1026 1601 1141 1661 studuit.

164 1680 215 1743 Sic
235 1683 345 1743 absens
364 1684 529 1744 amicitiam
549 1683 689 1762 gerebat,
713 1694 826 1744 utnon
848 1685 1004 1746 beneficiis
1027 1686 1140 1759 mutuis,

164 1769 218 1829 sed
241 1770 392 1831 communi
412 1771 493 1843 odio,
518 1770 599 1849 quod
619 1788 694 1847 erga
716 1789 822 1848 regem
843 1783 1058 1850 susceperant,
1081 1791 1141 1833 con-

164 1855 254 1914 tineri
268 1856 453 1916 viderentur.
1051 1902 1057 1915 .

99 1936 143 2009 20
158 1939 188 2000 X
194 1941 208 2000 l
254 1942 289 2000 ld
305 1960 371 2001 cum
387 1942 462 2002 satis
478 1960 510 2000 se
526 1941 720 2001 confirmasse
735 1941 899 2002 arbitratus
914 1948 970 2017 est,
987 1946 1143 2007 certiorem

164 2027 238 2087 facit
260 2027 407 2087 Datamen
430 2038 550 2106 tempus
572 2046 639 2086 esse
662 2028 794 2088 maiores
814 2028 969 2089 exercitus
990 2033 1093 2111 parari
1114 2035 1144 2091 et

165 2112 280 2172 bellurn
296 2131 364 2172 cum
381 2114 445 2194 ipso
461 2132 535 2191 rege
550 2113 679 2192 suscipi,
703 2114 801 2192 deque
824 2133 860 2174 ea
875 2134 917 2187 re,
941 2117 968 2175 si
983 2117 1011 2177 ei
1026 2117 1143 2178 ridere·

165 2202 230 2270 tur,
255 2218 312 2277 quo
336 2199 402 2259 loco
423 2199 518 2260 vellet
539 2199 571 2258 in
594 2200 777 2278 colloquium
792 2200 918 2260 veniret.
965 2202 1098 2265 Probata
1111 2222 1144 2263 re

165 2284 357 2362 colloquendi
379 2294 498 2366 tempus
520 2285 651 2345 sumitur
678 2286 821 2364 locusque
841 2305 899 2365 quo
921 2291 1141 2351 conveniretur.

99 2369 143 2439 25
164 2368 234 2430 Huc
255 2370 449 2430 Mithridates
471 2390 540 2431 cum
561 2390 634 2444 uno,
666 2371 715 2431 cui
736 2372 870 2431 maxime
891 2373 1027 2437 habebat
1047 2376 1142 2449 fidem,

165 2457 281 2535 aliquot
295 2465 366 2517 ante
381 2456 486 2516 diebus
508 2458 594 2517 venit
609 2457 874 2536 compluribusque
891 2458 966 2519 locis
981 2462 1143 2542 separatim

164 2543 285 2623 gladios
308 2539 411 2604 obruit
430 2561 525 2621 eaque
545 2543 611 2603 loca
634 2543 797 2622 diligenter
818 2548 909 2605 notat.
956 2546 1030 2626 Ipso
1046 2558 1143 2609 antem

165 2630 308 2710 colloquii
323 2630 373 2690 die
387 2641 528 2708 uterque,
553 2629 651 2689 locum
671 2631 722 2708 qui
745 2630 942 2709 explorarent
956 2640 1052 2713 atque
1066 2636 1141 2717 ip=oo

164 2724 384 2796 scrutarentur,
407 2717 545 2787 mittunt,
569 2715 679 2775 deinde
702 2716 760 2795 ipsi
781 2722 853 2775 sunt
873 2720 1041 2794 congressi.
1086 2718 1141 2781 Hic

99 2800 143 2865 30
164 2819 233 2860 cum
248 2802 435 2880 aliquamdiu
455 2802 485 2861 in
507 2800 655 2879 colloquio
671 2801 799 2862 fuissent
813 2807 845 2862 et
858 2802 973 2864 diversi
988 2805 1141 2868 discessis·

164 2897 232 2944 sent
247 2887 365 2965 iamque
380 2888 485 2969 procul
500 2887 645 2947 Datames
659 2888 792 2962 abesset,
814 2887 1026 2967 Mithridates,
1048 2892 1141 2972 prius

165 2989 254 3048 quam
269 2972 308 3030 ad
324 2992 395 3033 suos
418 2975 605 3052 perveniret,
629 2992 667 3033 ne
689 2993 780 3052 quam
795 2974 998 3056 suspicionem
1013 2980 1141 3058 pareret,

163 3055 195 3116 in
219 3055 349 3116 eundem
372 3059 471 3118 locum
494 3061 659 3119 revertitur
680 3066 772 3138 atque
796 3060 852 3135 ibi,
879 3060 930 3120 ubi
957 3063 1055 3125 telum
1080 3066 1144 3125 erat

164 3140 355 3222 impositum,
376 3144 501 3215 resedit,
518 3154 553 3203 ut
568 3145 594 3203 si
611 3145 790 3207 lassitudine
805 3150 930 3225 cuperet
943 3150 1144 3229 acquiescere,

100 3228 144 3295 35
165 3226 374 3307 Datamenque
388 3230 558 3302 revocavit,
577 3230 726 3291 simulans
740 3252 774 3293 se
790 3232 934 3310 quiddam
949 3234 981 3294 in
995 3236 1144 3317 colloquio

165 3334 233 3375 esse
248 3314 394 3375 oblitum.'
429 3313 558 3375 Interim
574 3316 678 3391 telum,
694 3318 773 3396 quod
795 3317 924 3393 latebat,
948 3323 1078 3402 protulit
1092 3341 1144 3383 nu·

164 3402 328 3481 datumque
349 3399 463 3481 vagina
481 3411 569 3462 veste
589 3404 669 3462 texit
687 3422 724 3463 ac
739 3403 858 3465 Datami
874 3405 1010 3468 venienti
1025 3409 1085 3481 ait,
1102 3406 1144 3468 di·

163 3488 353 3564 gredientem
367 3508 401 3549 se
416 3487 667 3550 animadvertisse
682 3488 783 3552 locum
793 3490 944 3569 quendam
958 3526 1002 3538 -
1016 3494 1147 3573 quierat
