2504 4080
419 234 508 299 XIV.
533 235 753 301 CHABRIAS.
1038 236 1080 301 81

410 561 521 643 xlv.
550 560 770 643 Chabrias.

99 735 251 814 Chabrias
267 770 386 831 quoque
400 749 596 812 Atheniensis
611 752 642 811 in
657 752 783 812 summis
798 751 920 812 habitus
936 756 982 813 est
997 755 1080 815 duci·
1103 756 1122 816 Ι

102 840 160 898 bus
179 857 286 918 resque
311 838 423 898 multas
446 837 591 897 memoria
607 838 715 915 dignas
730 837 833 917 gessit.
879 836 938 898 Hie
960 839 1081 920 publice

98 926 141 985 ab
154 923 391 986 Atheniensibus
406 922 577 1002 Euagorae,
592 923 660 1002 regi
676 919 780 1004 Cypri,
797 922 917 984 adiutor
932 925 1021 984 datus
1037 932 1083 986 est

99 1030 199 1089 neque
213 1010 298 1090 prius
313 1010 384 1070 inde
400 1010 551 1084 discessit,
569 1030 659 1088 quam
679 1012 774 1071 totam
789 1009 921 1070 insulam
937 1010 1016 1071 bello
1032 1011 1083 1071 de-

99 1097 251 1171 vinceret,
279 1115 337 1175 qua
362 1116 398 1156 ex
424 1115 458 1155 re
472 1094 675 1156 Athenienses
697 1115 841 1175 magnam
862 1097 992 1176 gloriam
1013 1101 1084 1158 sunt
1106 1095 1126 1158 5

97 1183 212 1262 adepti.
257 1182 295 1241 In
309 1180 453 1261 Aegypto
469 1200 524 1241 sua
539 1187 645 1261 sponte
665 1201 731 1242 rem
750 1183 859 1260 gessit;
881 1202 952 1243 nam
972 1182 1082 1243 Necta-

100 1269 193 1329 nehin
207 1268 343 1329 adiutum
358 1268 511 1346 profectus
525 1287 656 1346 regnum
671 1269 699 1328 ei
715 1268 885 1344 constituit,
911 1288 980 1329 cum
995 1289 1083 1329 exer-

99 1354 175 1416 citui
198 1354 384 1415 conducticio
408 1360 572 1434 praeesset.
618 1353 696 1413 Tum
717 1355 862 1432 praefecti
878 1356 961 1434 regis
977 1354 1083 1416 Persa-

99 1461 170 1500 rum
192 1440 310 1519 legatos
333 1441 480 1500 miserunt
502 1439 639 1499 Athenas
662 1442 816 1517 questum,
841 1441 919 1516 quod
938 1437 1084 1502 Chabrias

99 1526 265 1586 adversum
286 1545 391 1604 regem
406 1526 521 1586 bellum
536 1528 657 1604 gereret
672 1544 740 1583 cum
755 1522 933 1603 Aegyptiis3
959 1525 1085 1584 Atheni·
1105 1525 1147 1587 lo

99 1632 189 1673 enses
205 1612 286 1672 diem
301 1615 414 1672 certam
430 1613 676 1691 praestituerunt,
699 1629 789 1688 quam
804 1615 874 1670 ante
886 1611 1009 1671 domum
1024 1612 1084 1671 nisi

99 1699 240 1772 redisset,
257 1699 363 1778 capitis
379 1717 411 1757 se
427 1698 515 1757 illum
530 1697 725 1757 damnaturos
742 1696 967 1758 denuntiarunt.
1013 1696 1082 1767 Quo

99 1785 156 1844 ille
175 1785 280 1844 nuntio
304 1794 470 1844 commotus
492 1781 628 1842 Athenas
653 1782 750 1842 rediit.
798 1779 874 1842 Cum
896 1783 976 1843 inter
991 1783 1084 1844 Lace-

102 1870 276 1930 daemonios
292 1874 324 1930 et
338 1870 496 1930 Thebanos
518 1868 634 1928 bellum
657 1871 797 1929 exortum
820 1871 914 1942 esset,
939 1865 1086 1930 Chabrias

104 1955 152 2013 his
167 1955 297 2016 subsidio
313 1956 423 2015 missus
435 1958 489 2014 est.
513 1954 561 2014 lbi
577 1955 658 2034 apud
669 1955 789 2015 Thebas
800 1954 929 2014 victoria
940 1954 1084 2016 fidentem
1109 1954 1150 2016 lb

105 2060 253 2101 summum
269 2042 377 2102 ducem
392 2040 571 2119 Agesilaum
586 2041 760 2120 impedivit3
784 2040 898 2118 fugatis
920 2040 980 2100 iam
996 2041 1034 2101 61
1050 2061 1084 2101 66

104 2126 298 2188 conducticiis
332 2128 477 2200 cateruis,
516 2146 584 2186 cum
616 2126 764 2205 reliquam
795 2125 982 2204 phalangem
1018 2127 1085 2188 loco

101 2213 250 2274 vetuisset
271 2214 378 2273 cedere
393 2214 565 2292 obnixoque
580 2232 663 2291 genu
678 2216 763 2272 scuto
780 2212 913 2291 proiecta
929 2213 1016 2273 hasta
1031 2213 1085 2272 im-

102 2302 208 2378 petum
222 2299 354 2360 hostium
369 2300 510 2378 excipere
526 2299 688 2373 docuisset,
711 2318 781 2358 eum
799 2317 879 2358 nova
894 2317 927 2357 re
942 2300 1085 2377 perterri-

103 2389 171 2443 tum
196 2403 357 2463 progressu
382 2384 534 2464 prohibuit
555 2404 685 2464 suosque
711 2385 772 2444 iam
797 2385 986 2445 incurrentes
1013 2386 1086 2445 tuba
1109 2383 1152 2445 211

102 2488 247 2531 revocare
263 2472 370 2549 coegit.
417 2470 486 2531 Hoc
511 2490 607 2549 usque
631 2490 666 2532 eo
687 2473 751 2531 tota
767 2466 896 2530 Graecia
911 2471 992 2530 sama
1008 2471 1085 2530 cele-

103 2556 224 2616 bratum
239 2561 298 2631 est,
315 2562 349 2617 ut
364 2557 417 2616 illo
435 2559 516 2616 statu
529 2554 675 2617 Chabrias
687 2557 744 2616 sibi
760 2559 892 2617 statuam
903 2556 969 2617 fieri
981 2556 1085 2631 vellet,

102 2654 181 2721 quae
196 2642 316 2722 publice
332 2644 360 2703 ei
376 2644 414 2702 ab
429 2641 666 2702 Atheniensibus
681 2643 712 2701 in
727 2643 791 2703 loro
808 2643 972 2703 constituta
986 2654 1040 2701 est.

189 2728 470 2790 Praeclarissimum
485 2746 558 2788 vero
575 2728 639 2788 eius
654 2729 768 2787 factum
788 2731 835 2786 est
849 2727 978 2787 victoria
993 2746 1084 2788 nava·
1107 2726 1143 2799 ll

102 2813 142 2873 lis
153 2815 234 2893 apud
245 2814 370 2875 Naxum
385 2813 722 2875 aLacedaemoniorum
737 2813 833 2872 classe
848 2816 1009 2891 reportata,
1027 2831 1087 2892 qua
1109 2811 1152 2874 Ξῖ)

102 2897 305 2961 Athenienses
333 2901 463 2981 gloriam
489 2900 534 2960 rei
565 2900 734 2959 maritimae
759 2898 840 2958 bello
866 2897 1087 2978 Peloponnesio

102 2984 245 3046 amissam
260 2987 440 3051 reiecerunt.
483 2985 530 3047 Ea
549 2985 581 3046 in
602 3005 705 3066 pugna
719 2984 880 3046 Phocionis
901 3004 993 3065 opera
1013 3006 1088 3046 usus

103 3073 158 3144 est,
176 3066 267 3150 quem
281 3073 402 3133 sinistro
425 3092 518 3133 cornu
539 3074 736 3153 praefecerat3
759 3072 786 3130 is
808 3073 909 3131 autem
926 3069 1088 3133 Chabriam

104 3162 275 3218 cessantem
290 3178 380 3238 saepe
394 3159 529 3234 incitare,
546 3179 652 3220 rursus
667 3159 765 3219 alieno
781 3159 917 3238 tempore
941 3159 1086 3239 praecipi-

103 3245 219 3304 tantem
234 3244 374 3306 cohibere
390 3245 514 3306 solebat.
559 3248 677 3306 Ierum
692 3245 724 3304 in
738 3242 917 3325 Aegyptum
933 3247 1086 3325 profectus
1110 3240 1153 3303 3³]

103 3332 164 3403 est,
197 3349 265 3390 oum
291 3329 406 3390 bellum
431 3331 510 3390 inter
535 3329 708 3412 Aegyptios
734 3334 765 3390 ct
789 3328 900 3390 Persas
927 3331 1087 3390 conflatum

104 3423 195 3476 esset.
241 3416 444 3477 Athenienses
460 3435 529 3476 cum
543 3417 719 3478 Artaxerxe
734 3417 910 3477 societatem
925 3415 1087 3490 habebant,

103 3500 337 3564 Lacedaemonii
364 3521 432 3561 cum
457 3500 636 3582 Aegyptiis,
664 3524 682 3564 a
707 3503 816 3582 quibus
842 3501 1006 3579 Agesilaus
1033 3519 1090 3559 rex

105 3606 234 3666 magnas
255 3589 398 3670 pecunias
419 3588 593 3668 accipiebat.
645 3589 683 3649 Id
706 3589 826 3650 intuens
848 3584 995 3648 Chabrias
1021 3605 1090 3646 cum

161 3705 261 3747 amenus
274 3709 346 3756 nens.
923 3695 941 3740 1
