2504 4080
189 232 254 300 124
499 234 607 297 XXII.
630 234 864 297 HANNIBAL.

188 408 354 468 veheretur
368 412 403 466 ut
416 406 538 481 scirent,
554 426 588 467 se
601 407 763 467 lectarum.
796 405 900 476 Quem
914 408 944 468 si
959 412 1017 470 aut
1029 409 1164 489 cepissent

189 497 243 554 aut
256 492 488 566 interfecissent,
504 511 616 573 magno
631 492 679 553 his
693 493 857 572 pollicetur
871 495 1014 574 praemio
1028 496 1100 557 lore.

100 574 184 639 XIV
275 578 344 640 Tali
363 578 572 639 cohortatione
590 578 721 638 militum
742 579 825 639 faeta
848 579 963 641 classis
985 582 1026 641 ab
1045 582 1165 659 utrisque

188 664 220 725 in
244 663 393 744 proelium
415 664 585 725 deducitur.
630 663 769 732 Quarum
791 665 865 728 acie.
879 666 1063 744 constituta,
1083 666 1191 747 priua·

145 747 168 811 5
189 769 279 829 quam
295 750 418 828 signum
433 768 555 830 pugnae
570 749 708 824 daretur,
724 749 881 811 Hannibal
895 754 933 812 ut
947 753 1055 833 palam
1069 752 1167 814 laceret

189 836 253 896 suis
268 856 326 916 quo
346 837 412 898 loco
428 836 581 896 Eumenes
602 842 698 910 esset,
719 836 915 898 tabellarium
928 837 965 898 in
981 839 1097 919 scapha
1110 856 1166 898 curn
1192 884 1195 891 .

189 923 322 983 caduceo
344 923 447 983 mittit.
492 921 554 991 Qui
576 921 628 981 nbi
649 922 688 982 ad
712 938 807 983 navas
833 922 1086 986 adversariorum
1111 942 1168 1005 per·

188 1009 275 1069 venit
299 1008 520 1087 epistolamque
545 1006 709 1068 ostendens
733 1026 768 1067 ee
797 1027 905 1088 regem
935 1011 1099 1090 professus
1128 1012 1168 1070 eal

189 1113 346 1172 quaerere,
361 1094 465 1153 statim
480 1093 519 1153 ad
533 1092 701 1154 Eumenem
721 1092 871 1154 deductus
894 1098 958 1168 est,
987 1096 1071 1175 quod
1091 1112 1167 1157 nemo

125 1174 168 1238 10
190 1178 357 1251 dubitabat,
374 1179 447 1257 quin
461 1179 577 1258 aliquid
592 1179 632 1239 de
646 1198 721 1259 pace
735 1186 818 1239 esset
832 1180 994 1260 scripturn.
1040 1180 1167 1243 Tabella-
1198 1164 1204 1239 I

189 1264 253 1323 rius
274 1263 360 1322 ducis
382 1282 461 1324 nave
482 1265 638 1326 declarata
652 1265 717 1324 suis
732 1265 839 1326 eodem
852 1266 935 1326 unde
950 1270 1022 1328 erat
1035 1284 1168 1346 οςῐοεειιε
1193 1288 1196 1295 ·

189 1368 222 1408 se
234 1349 357 1429 recepit.
381 1348 424 1409 At
435 1349 588 1410 Eumenes
604 1349 704 1411 soluta
718 1351 848 1430 epistola
862 1352 939 1412 nihil
955 1353 991 1414 in
1007 1352 1167 1433 comperit
1194 1394 1197 1399 -

188 1434 249 1495 nisi
274 1435 354 1514 quod
381 1437 419 1495 ad
453 1435 641 1495 irridendum
668 1455 737 1496 eum
763 1437 938 1516 pertineret.
999 1437 1097 1500 Cuius
1119 1436 1167 1500 eui

189 1539 312 1582 oausam
335 1522 503 1582 mirabatur
525 1540 625 1600 neque
647 1522 872 1601 reperiebatur,
895 1526 1004 1584 tamen
1027 1525 1168 1605 proelium
1199 1506 1204 1571 I

125 1600 168 1665 15
189 1608 293 1668 statIm
320 1608 509 1668 committere
535 1627 595 1667 non
622 1608 784 1668 dubitavit.
828 1608 948 1670 Horum
969 1610 1004 1670 in
1028 1628 1168 1673 concursu

189 1691 328 1771 Bithynii
350 1693 531 1753 Hannibalis
554 1697 716 1773 praecepto
739 1694 876 1755 universi
897 1713 1014 1756 navem
1028 1694 1168 1757 Eumenia

189 1777 375 1837 adoriuntur.
421 1777 559 1847 Quorum
575 1779 639 1838 vim
660 1798 717 1839 rex
733 1798 802 1840 cum
817 1779 970 1842 sustinere
985 1801 1048 1843 non
1063 1784 1167 1862 poseat

190 1862 264 1943 fuga
279 1863 409 1924 salutem
426 1865 517 1943 petit;
533 1883 623 1942 quam
639 1870 820 1926 consecutus
834 1885 895 1926 non
909 1870 1003 1943 esset,
1019 1869 1082 1928 nisi
1095 1869 1167 1929 intra

190 1968 246 2010 sua
260 1950 413 2029 praesidia
428 1970 461 2009 se
476 1950 656 2028 recepisset,
677 1968 755 2029 quae
777 1952 810 2012 in
824 1952 965 2033 proximo
981 1953 1075 2014 litore
1089 1954 1168 2013 erant
1197 1976 1204 2009 ·:

123 2027 167 2093 20
189 2035 344 2096 collocata.
389 2035 540 2114 Reliquae
554 2034 762 2114 Pergamenae
776 2054 872 2098 naves
894 2056 964 2098 oum
980 2038 1168 2100 adversm
1195 2012 1204 2137 p¹

188 2124 363 2201 premerent
378 2122 485 2196 acrius,
502 2125 627 2200 repente
642 2123 673 2182 in
689 2141 741 2182 eas
760 2140 837 2183 vasa
857 2123 977 2198 fictilia,
1004 2125 1043 2186 de
1064 2124 1166 2205 quibua
1202 2146 1204 2209 ᾗ

188 2225 282 2285 supra
307 2207 493 2267 mentionem
519 2208 662 2283 lecimus,
694 2208 791 2269 oonioi
816 2212 922 2289 coepta
947 2215 1030 2271 sunt.
1087 2208 1204 2289 Quasi

188 2292 269 2351 iacta
283 2292 369 2354 initio
384 2293 480 2352 risum
494 2294 702 2373 pugnantibus
719 2294 934 2370 conciliarunt,
957 2314 1059 2376 neque
1080 2310 1168 2375 quaro
1194 2276 1204 2359 'i

189 2375 221 2434 id
244 2376 332 2436 fieret
353 2384 473 2456 poterat
494 2378 635 2456 intelllgi.
681 2378 847 2458 Postquam
862 2384 964 2441 aulem
979 2400 1079 2443 naves
1093 2400 1167 2443 oom-
1199 2402 1204 2461 1ι

124 2453 168 2519 25
189 2461 289 2541 pletas
304 2470 530 2541 conspexerunt
544 2465 746 2544 serpentibus,
766 2484 847 2527 nova
860 2485 894 2526 re
908 2468 1083 2546 perterriti,
1103 2484 1168 2527 oum·
1197 2474 1204 2555 t

188 2547 262 2626 quid
277 2548 468 2626 potissimum
483 2550 617 2610 vitarent
630 2569 692 2610 non
706 2551 855 2626 viderent,
878 2570 999 2632 puppes
1014 2554 1166 2615 verterunt
1198 2562 1204 2627 ξ

187 2652 281 2714 seque
307 2633 346 2694 ad
368 2653 424 2696 sua
446 2639 547 2695 castra
568 2636 689 2697 nautica
715 2638 892 2697 retulerunt.
938 2636 992 2699 Sic
1017 2636 1166 2701 Hannibal
1200 2640 1204 2647 “

188 2720 313 2782 oonsilio
328 2739 413 2782 arma
423 2720 683 2801 Pergamenorum
698 2724 856 2801 superavit
869 2742 969 2801 neque
983 2730 1052 2786 tum
1062 2724 1162 2797 solun,

187 2807 242 2866 sed
263 2826 354 2886 saepe
376 2808 453 2868 alias
476 2807 668 2887 pedestribus
684 2809 780 2888 copiis
794 2809 861 2889 pari
875 2809 1042 2889 prudentia
1054 2808 1167 2892 pepulit

122 2882 166 2945 30
186 2893 385 2954 adversarios.

98 2967 165 3029 XV
271 2977 367 3038 Paulo
383 2982 452 3057 post
467 2979 505 3039 ab
520 2978 657 3039 Eumene
679 2998 754 3057 rege
773 2980 887 3058 legatio
911 2998 981 3040 oum
994 2981 1093 3043 lbalre
1106 2980 1168 3043 eiua

185 3055 344 3123 Athenaeo
358 3063 488 3126 Romam
510 3064 610 3140 venit,
635 3083 714 3144 quae
736 3066 774 3125 de
789 3064 945 3147 Philippo,
966 3065 1167 3129 Macedonum

184 3162 267 3220 rege,
285 3153 471 3223 quereretur,
488 3151 568 3228 quod
583 3152 621 3212 ab
636 3171 672 3211 eo
683 3151 715 3210 in
726 3149 904 3231 Bithyniam
914 3151 1044 3215 Prusiae
1055 3152 1164 3214 bellum

185 3231 333 3292 adversus
354 3230 523 3294 Eumenem
544 3237 666 3313 gerenti
687 3236 804 3297 auxilia
823 3238 917 3298 missa
936 3237 1048 3300 forent.
1092 3236 1165 3299 Eam

118 3308 164 3374 35
185 3318 223 3380 ob
238 3336 303 3378 rem
318 3315 352 3376 P.
369 3315 531 3386 Quiuotius
542 3319 733 3382 Flamininus
748 3341 817 3382 cum
832 3323 865 3382 L.
878 3322 1021 3404 Scipione
1031 3323 1168 3386 Asiatico
1201 3390 1204 3395 ,

184 3408 217 3465 et
230 3403 264 3464 P.
281 3402 422 3483 Scipione
437 3403 550 3465 Nasica
570 3407 607 3466 ad
624 3406 764 3468 Prusiam
787 3408 873 3469 missi
895 3412 981 3484 sunt,
1003 3410 1058 3488 qui
1078 3414 1110 3471 et
1129 3408 1168 3470 do

185 3489 254 3550 aliis
269 3491 360 3551 rebus
376 3508 444 3549 oum
460 3508 495 3549 eo
510 3497 639 3569 agerent
653 3497 685 3554 et
698 3496 846 3572 peterent,
867 3513 908 3555 ne
922 3494 1167 3557 inimicissimum

185 3593 275 3635 suum
290 3594 393 3637 secum
409 3575 534 3638 haberet
548 3576 666 3657 sibique
681 3579 814 3641 dederet.
859 3578 930 3640 Rex
951 3580 1004 3659 qui
1026 3583 1067 3643 ab
1081 3580 1169 3643 initio
