2504 4080
361 243 456 306 ΧΠΙ.
478 242 742 308 IPHICRATES.
1002 243 1044 311 79

57 414 194 498 primum
210 414 333 494 quidem
348 415 452 478 decem
467 436 574 492 naves,
599 436 676 496 quae
700 436 718 476 a
733 416 889 499 Dionysio,
912 416 1044 499 Syracu-

58 520 164 562 sarum
179 504 319 583 tyranno,
334 500 583 564 Lacedaemoniis
594 501 728 564 subsidio
740 503 852 565 missae
862 508 957 580 erant,
974 523 1043 566 cum

58 587 209 648 militibus
224 586 312 667 oepit,
327 606 377 648 res
392 587 701 650 Lacedaemoniorum
715 588 827 650 afflixit
847 589 946 668 iisque
966 592 1043 652 mul-

57 676 126 736 tum
141 672 244 733 damni
259 672 376 747 intulit,
399 674 473 753 quin
493 675 586 734 etiam
601 675 640 735 de
654 673 805 735 Laconica
818 675 885 754 ipsa
899 678 1043 738 vexanda

58 758 216 838 coffl‘tavit,
232 762 268 820 ut
281 758 356 819 haec
371 759 436 820 eius
451 760 605 840 expeditio
620 779 680 821 non
695 759 822 821 minima
842 760 933 821 laude
947 762 1044 841 digna
1064 761 1089 825 5

59 845 110 906 sit.
154 843 235 905 Pace
256 862 325 904 cnm
339 843 588 907 Lacedaemoniis
609 846 691 907 iacta
706 847 830 907 domum
844 864 988 907 reversus
1004 849 1042 909 ab

58 929 227 991 Harmodio
243 930 374 1009 quodam
388 931 420 992 in
434 931 482 992 ius
504 935 632 992 vocatus
652 935 713 1008 est,
736 931 817 1011 quod
838 934 970 993 statuam
984 933 1042 992 sibi

58 1017 99 1078 ab
115 1015 354 1077 Atheniensibus
376 1017 447 1096 poni
471 1035 578 1097 passus
600 1020 689 1079 esset.
733 1019 820 1080 Idem
841 1036 915 1079 vero
936 1021 1043 1098 postea

57 1101 196 1163 subsidio
211 1101 364 1182 profectus
374 1102 631 1178 Lacedaemoniis,
648 1104 828 1182 quibuscum
838 1102 1042 1165 Athenienses

56 1187 90 1247 in
105 1187 237 1266 gratiam
250 1188 414 1263 redierant,
429 1192 465 1249 ut
474 1186 704 1270 Epaminondae
718 1189 850 1270 impetus
860 1190 1040 1266 retardaret,
1064 1187 1110 1253 10

57 1273 184 1352 segnius
198 1292 264 1333 rem
279 1273 383 1351 gessit.
427 1274 457 1334 N
458 1293 508 1335 am
523 1278 554 1336 et
568 1275 648 1355 apud
661 1272 840 1336 Corinthum
854 1276 931 1336 nihil
946 1294 1041 1356 agens

56 1359 163 1440 plures
178 1358 243 1419 dies
257 1362 393 1421 moratus
415 1363 474 1435 est,
498 1363 529 1421 et
550 1361 582 1420 in
596 1359 760 1422 Arcadiam
782 1361 934 1441 proiectus
949 1362 1041 1441 paulo

56 1451 129 1525 post
148 1444 261 1505 milites
283 1464 318 1505 re
338 1445 451 1506 infecta
469 1446 601 1506 reduxit.
646 1444 689 1506 Et
708 1463 777 1505 oum
792 1445 824 1506 in
837 1447 955 1506 Isthmo
971 1464 1041 1506 oon-

56 1531 183 1591 stitutus
205 1533 299 1606 esset,
325 1534 360 1592 ut
381 1530 524 1592 Boeotios
545 1551 564 1593 a
586 1532 717 1592 transitu
741 1530 929 1611 prohiberet,
956 1530 1040 1592 viam

56 1616 236 1696 expeditam
250 1620 371 1696 praeter
386 1614 558 1678 Cenchreas
579 1617 728 1677 ferentem
741 1615 956 1678 incustoditam
970 1615 1040 1677 reli·
1064 1613 1110 1678 lb

60 1701 136 1781 quit,
153 1722 210 1781 quo
225 1702 304 1763 sacto
320 1701 455 1763 Thebani
470 1703 636 1764 incolumes
652 1702 775 1764 domum
790 1702 954 1764 redierunt.

144 1787 218 1848 Fuit
231 1790 334 1849 autem
349 1790 380 1848 et
394 1788 494 1850 animo
515 1807 625 1869 magno
641 1791 672 1849 et
686 1808 812 1870 corpore
831 1787 1039 1869 imperatoria·
1062 1787 1091 1848 V

59 1893 119 1953 que
133 1873 242 1949 forma,
265 1877 301 1934 ut
321 1874 386 1954 ipso
409 1881 534 1954 aspectu
557 1875 653 1934 utrivis
667 1874 794 1936 iniceret
808 1874 1040 1934 admirationem

59 1958 124 2033 sui,
148 1959 200 2019 sed
214 1959 246 2019 in
260 1960 365 2020 labore
388 1960 479 2020 nimis
493 1961 640 2021 remissus
660 1979 828 2040 parumque
849 1959 982 2039 patiens,
1005 1962 1041 2018 ut

59 2044 272 2126 Theopompus
286 2046 450 2107 memoriae
465 2046 615 2128 prodidit3
629 2046 726 2107 b'onus
740 2065 814 2106 vero
830 2045 907 2106 civis
921 2044 1040 2123 fideque
1063 2041 1110 2106 20

57 2148 180 2209 magna.
204 2130 294 2201 Quod
310 2150 379 2192 oum
394 2133 426 2192 in
439 2132 508 2194 aliis
523 2133 615 2192 rebus
630 2131 807 2205 declaravit,
823 2134 890 2191 tum
905 2129 1039 2190 maxime

56 2217 90 2278 in
104 2213 261 2297 Amyntae
279 2216 457 2279 Macedonis
478 2218 600 2279 tuendis
621 2217 734 2279 liberis.
779 2217 919 2296 Namque
939 2213 1039 2297 Eury-

57 2302 135 2377 dice,
152 2306 249 2364 mater
262 2301 427 2364 Perdiccae
442 2306 473 2364 et
487 2303 630 2385 Philippi,
647 2323 717 2364 cum
732 2304 779 2365 his
800 2303 917 2364 duobus
937 2302 1039 2383 pueris

56 2387 196 2469 Amynta
216 2393 335 2451 mortuo
354 2389 392 2450 ad
408 2390 593 2470 Iphicratem
614 2389 753 2469 confugit
777 2389 903 2468 eiusque
932 2389 1039 2468 opibus

56 2474 183 2535 defensa
198 2477 251 2535 est.
297 2474 385 2535 Vixit
404 2476 443 2536 ad
463 2478 651 2537 senectutem
672 2475 801 2555 placatis
820 2474 852 2535 in
867 2493 900 2534 se
915 2493 1039 2536 suorum
1062 2468 1109 2533 25

58 2560 173 2621 civium
187 2560 304 2622 animis.
351 2557 481 2623 Causam
502 2561 610 2641 capitis
631 2560 711 2623 dixit
726 2560 822 2621 semel
837 2560 918 2621 bello
934 2559 1040 2620 sociali

58 2644 152 2706 simul
166 2664 234 2706 oum
250 2645 422 2721 Timothe03
448 2646 627 2726 proditionis
653 2646 735 2707 enim
755 2645 888 2707 accusati
911 2651 999 2706 erant
1022 2663 1041 2704 a

58 2728 202 2807 Charete,
237 2750 306 2792 cum
332 2732 413 2812 apud
439 2730 563 2793 Samum
589 2750 725 2813 pugnam
749 2730 891 2792 navalem
915 2732 1040 2810 propter

56 2819 271 2898 tempestatem
281 2817 381 2878 subito
394 2822 533 2879 exortam
544 2816 809 2890 detrectavissent3
822 2834 918 2894 eoque
928 2813 1040 2875 iudicio

25 2902 167 2993 quapitis
189 2903 312 2982 quidem
332 2905 503 2979 absolutus,
529 2904 657 2984 pecunia
682 2906 784 2964 tamen
809 2901 956 2962 multatus
982 2902 1037 2961 est.
1062 2895 1110 2964 30³

25 2996 34 3011 '
57 2987 128 3058 Quo
142 2988 221 3051 facto
236 2990 269 3049 in
284 2988 445 3051 Thraciam
460 3010 493 3051 se
509 2989 637 3051 contulit
650 2988 753 3068 ibique
766 2987 848 3048 diem
864 3006 1040 3068 supremum

22 3088 29 3095 ·
56 3074 147 3149 obiit3
167 3093 239 3136 nam
254 3072 360 3156 Cotyis
375 3076 459 3155 regis
473 3076 577 3152 filiam,
592 3078 629 3136 nt
642 3069 785 3150 diximus,
801 3074 834 3135 in
848 3073 1040 3135 matrimonio

55 3159 177 3235 habuit,
200 3180 241 3221 ex
265 3179 325 3240 qua
339 3161 520 3224 Menesthea
533 3162 632 3223 filium
654 3161 769 3241 genuit.
814 3161 847 3220 Is
863 3179 933 3221 cum
947 3161 1041 3221 inter·

55 3249 226 3326 rogaretur,
242 3252 346 3308 utrum
361 3248 458 3327 pluris
479 3249 598 3328 patrem
623 3267 662 3310 an
684 3261 814 3308 matrem
833 3246 949 3308 faceret
962 3245 997 3305 M
1003 3262 1039 3305 a·

55 3332 166 3410 trem,
182 3332 288 3413 inquit.
307 3332 346 3393 Id
362 3352 431 3394 oum
446 3333 586 3396 omnibus
600 3333 713 3394 mirum
727 3333 884 3394 videretur
898 3331 959 3405 At,
976 3330 1040 3404 ille,
1062 3323 1109 3388 35

56 3417 207 3494 merito,
223 3419 330 3498 inquit,
347 3418 452 3481 facio.
496 3418 589 3480 Nam
603 3422 726 3500 pater,
751 3415 984 3499 quantumin
999 3433 1040 3474 eo

55 3503 144 3580 tuit,
186 3504 372 3567 Thracem
410 3525 465 3567 me
495 3505 643 3586 gennit,
683 3509 816 3566 contra
844 3521 888 3564 ea
918 3503 1041 3561 mater

54 3588 345 3653 Atheniensem.
