2504 4080
126 352 134 367 .
166 254 207 320 12
456 257 495 317 Il.
519 252 844 318 THElHSTOCLES.

165 426 279 489 Omnes
299 430 401 490 autem
421 433 452 489 et
472 428 613 489 dicuntur
628 432 659 489 et
673 428 822 489 habentur
837 428 968 508 tyranni,
989 429 1041 508 qui
1056 432 1140 509 pote-

164 516 244 575 state
258 518 330 575 sunt
342 518 490 595 perpetua
503 515 535 574 in
550 533 586 576 ea
600 515 736 589 civitate,
760 533 838 594 quae
859 514 1000 575 libertate
1014 534 1069 576 usa
1084 527 1139 576 est.

162 597 226 661 Sed
246 600 279 661 in
299 599 438 663 Miltiade
459 603 525 662 erat
540 620 608 661 cum
628 619 747 661 summa
766 600 952 676 humanitas,
973 606 1039 662 tum
1062 602 1142 661 mira

164 686 304 761 facilitas,
321 690 356 747 ut
368 706 456 748 nemo
472 690 535 748 tam
545 685 669 746 humilis
679 693 767 759 esset,
783 687 832 746 cui
842 705 902 746 non
911 686 950 747 ad
961 707 1030 746 eum
1041 687 1142 747 aditus

122 769 296 853 bpateret‚
319 791 431 854 magna
450 771 614 834 auctoritas
633 773 714 851 apud
736 792 840 833 omnes
863 772 1016 847 civitates,
1039 774 1142 834 nobile

164 878 283 934 nomen,
298 859 365 921 laus
380 858 522 920 militaris
536 858 678 919 maxima.
723 857 809 919 Haec
823 859 954 939 populus
973 858 1141 938 respiciens

165 945 273 1006 maluit
281 964 350 1005 eum
361 945 518 1006 innoxium
526 944 627 1025 plecti,
639 963 729 1022 quam
737 963 770 1004 se
782 944 895 1005 diutius
905 963 972 1005 esse
983 945 1014 1005 in
1022 944 1140 1005 timore.

550 1219 755 1228 ——-——---

446 1438 500 1521 ll.
529 1439 852 1521 Themistocleo.

99 1629 117 1691 Ι
164 1613 398 1703 Tnnnrsrocnrs,
414 1629 521 1690 Neocli
534 1629 624 1703 filius,
640 1627 836 1689 Atheniensis
850 1627 1055 1690 adolescentia
1068 1648 1144 1689 usus

163 1721 219 1790 est,
236 1733 313 1794 quae
328 1716 550 1794 vituperatione
564 1735 624 1775 non
639 1720 764 1789 careret,
780 1715 834 1775 sed
850 1714 927 1775 vitia
942 1715 1006 1775 eius
1020 1716 1144 1794 magnis

163 1803 234 1860 sunt
248 1800 407 1861 emendata
421 1801 594 1875 virtutibus,
610 1807 645 1861 ut
658 1802 844 1862 anteferatur
859 1801 928 1861 huic
939 1819 1036 1874 nemo,
1053 1802 1144 1880 pauci

163 1905 251 1966 pares
266 1889 418 1966 putentur.
462 1886 556 1947 Pater
570 1887 636 1946 eius
649 1886 794 1962 Neocles,
809 1893 894 1946 ortus
910 1886 1033 1965 antiqua
1047 1892 1143 1963 gente

118 1968 140 2033 5
162 1971 405 2053 Lycomidarum,
420 1991 480 2033 non
492 1977 557 2034 erat
568 1973 647 2033 inter
658 1972 741 2032 viros
753 1973 955 2052 amplissimos
966 1982 998 2032 et
1008 1972 1142 2051 locuple-

162 2057 295 2120 tissimos
306 2057 551 2129 Atheniensium
568 2058 594 2118 is
608 2077 741 2132 uxorem,
757 2061 792 2117 ut
806 2058 930 2138 plurimi
941 2057 1142 2133 tradiderunt,

162 2142 352 2205 Abrotonum
363 2144 523 2204 Thraciam
535 2144 632 2218 duxit,
648 2164 688 2204 ex
703 2163 762 2223 qua
775 2144 883 2222 genuit
894 2143 1141 2205 Themistoclem.

164 2227 224 2289 Hic
245 2229 305 2290 iam
327 2249 403 2308 puer
417 2229 532 2303 docuit,
555 2249 590 2290 se
610 2229 719 2290 altiora
740 2239 859 2310 petere;
881 2249 952 2290 nam
966 2248 1035 2289 cum
1051 2229 1143 2290 disci·

163 2314 247 2394 plina
262 2315 371 2396 puerili
386 2315 521 2389 vacabat,
544 2335 604 2376 non
619 2315 744 2376 ludebat
758 2335 827 2376 cum
842 2315 910 2376 aliis
925 2317 1027 2395 pueris
1041 2335 1143 2394 neque

101 2398 142 2461 10
163 2399 335 2461 remissioni
349 2405 401 2461 aut
414 2400 564 2481 voluptati
579 2401 725 2476 sedabat,
741 2402 795 2462 sed
809 2401 960 2463 orationes
975 2401 1142 2462 meditaba-

164 2493 229 2558 tur,
249 2486 358 2564 quibus
379 2505 492 2567 pueros
513 2487 589 2548 alios
616 2491 669 2548 aut
691 2506 833 2548 accusare
853 2490 905 2548 aut
925 2487 1088 2547 defendere
1108 2507 1144 2548 se

164 2570 307 2650 fingebat.
360 2571 564 2642 Quamobrem
590 2580 767 2654 praeceptor
795 2573 935 2634 dictitare
956 2573 1062 2633 solitus
1084 2580 1142 2648 est,

165 2676 235 2717 eum
250 2658 410 2739 aliquando
425 2678 485 2719 non
499 2659 587 2739 parri
602 2660 685 2739 quid,
700 2660 754 2720 sed
767 2663 819 2720 aut
828 2660 973 2738 optimum
985 2660 1144 2738 autpessi-

164 2763 247 2804 mum
262 2745 335 2806 fore.
370 2743 497 2806 Artibus
512 2751 614 2807 tamen
628 2746 675 2821 iis,
692 2765 768 2825 quae
783 2746 934 2824 ingenuae
950 2745 1015 2805 sive
1029 2745 1143 2805 libera-

102 2826 143 2891 15
165 2829 210 2889 les
224 2835 380 2906 vocantur,
397 2832 509 2915 quippe
524 2851 601 2911 quae
616 2832 654 2892 ad
668 2832 887 2910 rempublicam
906 2832 1074 2909 gerendam
1089 2832 1143 2891 rel

164 2918 261 2975 artem
282 2917 446 2978 militarem
460 2918 537 2978 nihil
556 2918 707 2991 valerent,
729 2936 789 2977 non
810 2916 939 2977 multum
962 2917 1144 2996 diligentiae

165 3001 312 3062 adhibuit.
357 3002 387 3062 A
405 3005 521 3064 musica
542 3002 664 3082 quidem
683 3022 807 3083 prorsus
827 3003 1016 3077 abhorrebat,
1037 3021 1143 3081 quam·

164 3087 269 3148 obrem
284 3105 352 3148 cum
367 3089 517 3168 quondam
532 3088 563 3147 in
578 3088 677 3167 epulis
692 3089 793 3167 lyram
807 3088 835 3148 ei
858 3087 1012 3164 offerrent,
1032 3088 1144 3149 exhor-

164 3174 272 3246 tantes,
288 3179 323 3233 ut
337 3177 428 3234 cantu
443 3174 588 3234 convivas
603 3173 777 3248 oblectaret,
795 3174 915 3234 dixisse.
925 3175 1048 3248 dicitur,
1071 3175 1141 3235 fidi-

100 3254 143 3321 20
165 3259 221 3318 bus
235 3277 268 3317 se
283 3259 407 3334 nescire,
424 3259 502 3319 scire
516 3259 623 3320 urbem
637 3260 781 3339 exiguam
802 3263 834 3320 et
853 3264 976 3321 tenuem
995 3279 1142 3340 magnam

164 3346 196 3404 et
209 3347 363 3424 potentem
377 3344 513 3406 reddere.
559 3344 597 3405 ln
617 3345 820 3406 adolescentia
841 3347 943 3408 varius
964 3347 1023 3407 fuit
1043 3350 1075 3406 et
1096 3348 1142 3407 in-

165 3434 320 3505 constanS,
340 3431 456 3510 impetu
475 3431 605 3508 ingenii,
627 3431 706 3511 quod
728 3432 932 3494 moderatione
947 3437 978 3493 et
991 3432 1144 3512 guberna-

165 3515 246 3578 tione
262 3529 387 3592 careret,
402 3516 491 3578 modo
506 3517 565 3577 huc
581 3518 668 3578 modo
683 3518 770 3593 illuc,
794 3519 914 3599 saepius
929 3519 968 3578 ad
990 3517 1145 3581 deteriora

164 3601 292 3664 ablatus.
337 3601 428 3672 Quod
447 3603 512 3682 ipsa
532 3607 637 3683 postea
656 3604 811 3684 professus
833 3607 888 3679 est,
912 3623 981 3665 cum
1004 3603 1142 3679 adderet,
