2504 4080
353 211 396 271 H.
424 207 749 272 THEMISTOOLES.
1003 206 1043 271 17

56 382 191 446 trecenti
219 383 347 443 iuvenes
373 381 555 443 nobilissimi
575 400 672 460 nsque
699 382 738 443 ad
758 380 835 442 fines
854 383 955 444 terrae
975 401 1044 463 pro·

58 469 159 531 secuti
174 476 254 530 sunt
299 466 462 550 Olympiae
476 486 550 527 uero
565 484 635 526 cum
649 467 730 528 ludis
750 467 886 542 adesset,
908 468 1044 529 omnium

59 555 143 617 oculi
156 554 189 615 in
204 574 273 615 eum
286 574 380 614 unum
395 552 535 615 conversi
549 560 644 613 erant.

148 639 280 719 Magnus
300 640 357 701 hoc
378 639 458 701 bello
474 637 694 700 Themistocles
714 637 773 704 fuit
786 654 884 717 neque
898 639 997 701 minor
1011 602 1130 706 irslII

60 743 145 807 pace.
188 725 268 789 Nam
283 729 352 807 post
366 744 501 807 pugnam
515 724 728 785 Plataeensem
743 741 866 803 operum
889 725 988 798 dedit,
1009 728 1044 786 ut
1064 725 1086 790 ὃ

60 812 135 872 urbs
146 810 335 873 aMardonio
350 812 452 872 deleta
465 829 527 871 uon
537 811 636 872 solum
648 809 868 885 restitueretur,
885 810 1043 872 sedetiam

58 896 218 960 moenibus
240 897 428 976 cingeretur,
451 916 509 977 quo
529 896 651 956 facilius
674 895 874 957 barbarorum
894 896 1043 977 impetum

58 983 239 1058 sustineret;
260 983 354 1063 idque
374 983 448 1044 fecit
468 982 630 1063 praecipuo
646 1001 699 1043 suo
715 981 859 1062 periculo.
903 981 1044 1062 Namque

56 1069 293 1132 Lacedaemonii
306 1089 428 1132 censam
442 1068 582 1129 idoneam
597 1068 680 1129 nacti
700 1071 826 1149 propter
845 1068 1044 1131 barbarorum

56 1155 261 1230 incursiones,
284 1174 344 1235 qua
362 1157 513 1234 negarent
531 1156 671 1234 oportere
690 1159 781 1215 extra
799 1154 1044 1236 Peloponnesum
1067 1157 1108 1220 10

56 1241 156 1302 ullam
170 1243 278 1303 urbem
292 1261 395 1302 muros
411 1242 537 1315 habere,
559 1260 598 1301 ne
614 1244 717 1302 essent
730 1241 798 1302 loca
811 1242 943 1315 munita,
966 1260 1045 1322 quae

55 1327 161 1388 hostes
169 1327 369 1408 possiderent,
380 1326 583 1389 Athenienses
594 1327 790 1387 aedificantes
799 1326 962 1407 prohibere
973 1330 1045 1388 sunt

58 1413 174 1488 conati;
190 1413 282 1494 idque
296 1433 366 1474 cum
380 1433 436 1475 sua
447 1416 554 1494 sponte
569 1414 715 1487 fecerunt,
731 1416 797 1472 tum
816 1412 1044 1493 impellentibus

57 1499 195 1560 maxime
216 1499 315 1561 sociis.
361 1498 430 1560 Hoc
449 1501 542 1578 longe
563 1498 622 1559 alio
645 1499 816 1578 spectabat,
839 1506 930 1577 atque
945 1498 1045 1558 videri

57 1584 214 1646 volebant.
244 1583 449 1647 Athenienses
464 1586 545 1645 enim
561 1584 679 1645 duabus
689 1582 837 1660 victoriis,
851 1582 1045 1645 Marathonia
1067 1583 1108 1648 15

57 1676 92 1732 et
112 1669 294 1747 Salaminia,
314 1674 432 1733 tautam
452 1672 584 1751 gloriam
604 1670 686 1750 apud·
704 1689 809 1730 omues
828 1676 936 1750 gentes
958 1673 1045 1732 erant

58 1757 231 1831 consecuti,
259 1759 295 1817 ut
315 1756 547 1819 Lacedaemonii
573 1756 783 1834 intelligerent
805 1756 844 1817 de
872 1756 1045 1838 principatu

58 1842 121 1903 sibi
136 1843 267 1904 cumbis
282 1848 437 1905 certamen
450 1843 524 1918 iore,
541 1862 635 1923 quere
649 1862 702 1904 eos
716 1859 806 1921 quam
821 1841 1045 1904 infirmissimos

59 1947 132 1988 esse
145 1927 297 1989 volebant.
326 1927 493 2009 Postquam
509 1933 611 1991 autem
623 1928 793 2003 audierunt,
809 1947 912 1990 muros
923 1927 1044 2005 instrui,

59 2014 181 2094 legatos
194 2012 330 2075 Athenas
345 2015 501 2090 miserunt,
519 2015 570 2095 qni
586 2015 618 2076 id
632 2014 700 2076 fieri
714 2016 863 2075 veterent.
887 2012 947 2074 His
958 2033 1044 2094 prae·
1066 2012 1109 2078 20

60 2099 199 2162 sentibus
213 2100 370 2162 desierunt
390 2119 426 2162 ao
441 2121 474 2162 se
489 2102 528 2162 de
541 2120 579 2162 ea
593 2119 628 2161 re
642 2101 762 2180 legatos
777 2101 817 2162 ad
831 2119 884 2162 eos
899 2099 1046 2162 missuros

59 2186 214 2247 dixerunt.
237 2185 327 2248 Hanc
341 2186 526 2267 legationem
541 2187 676 2267 suscepit
687 2187 908 2248 Themistocles
920 2192 952 2247 et
963 2187 1046 2249 solus

59 2272 159 2353 primo
181 2272 335 2354 proiectus
356 2275 417 2347 est;
437 2272 548 2352 reliqui
566 2272 664 2353 legati
683 2277 719 2335 ut
738 2274 802 2333 tum
818 2272 951 2347 exirent,
976 2291 1045 2333 cum

60 2357 138 2418 satis
153 2357 281 2420 altitudo
296 2359 376 2419 muri
387 2362 544 2421 exstructa
557 2359 723 2434 videretur,
738 2359 906 2440 praecepit3
922 2359 1046 2419 interim

59 2462 182 2520 omnes,
199 2444 287 2505 servi
307 2448 398 2525 atque
416 2444 520 2519 liberi,
543 2464 618 2526 opus
641 2445 776 2507 facerent
795 2465 894 2525 neque
908 2444 964 2505 ulli
979 2446 1046 2506 loco
1067 2444 1110 2509 25

58 2531 234 2612 parcerent,
257 2531 323 2592 sive
344 2531 483 2612 privatus
503 2536 585 2593 esset
598 2532 666 2592 sive
679 2531 833 2612 publicus,
856 2533 889 2591 et
903 2530 1045 2611 undique,

59 2615 140 2696 quod
155 2615 298 2678 idoneum
312 2616 351 2678 ed
365 2618 562 2678 muniendum
577 2621 729 2698 putarent,
746 2619 952 2697 congererent.
1038 2572 1080 2667 J

153 2701 373 2764 Themistocles
387 2706 490 2765 autem
511 2707 547 2764 ut
561 2704 820 2765 Lacedaemonem
838 2701 938 2777 venit,
960 2701 1133 2768 adireVIII

58 2786 101 2849 sd
115 2788 328 2867 magistratum
341 2789 440 2850 noluit
454 2793 486 2852 et
506 2789 592 2850 dedit
614 2809 753 2869 operam,
777 2791 812 2848 ut
826 2805 916 2867 quam
930 2787 1045 2867 longis·-

58 2874 138 2935 sime
165 2879 286 2955 tempus
317 2875 444 2936 duceret
474 2894 599 2937 cansam
624 2876 819 2955 interponens
851 2891 884 2932 se
910 2873 1046 2956 collegas
1068 2875 1111 2940 30

58 2962 248 3040 exspectare.
294 2959 336 3022 Et
350 2961 437 3023 initio
451 2961 576 3042 quidem
591 2959 823 3023 Lacedaemonii
837 2959 915 3020 nihil
929 2960 1045 3025 fraudis

58 3045 186 3108 subesse
200 3046 468 3122 existimaverunt3
493 3066 563 3108 cum
577 3067 651 3110 vero
666 3047 797 3109 Athenis
811 3046 977 3124 venissent,
993 3049 1046 3129 qui

58 3151 138 3215 opus
152 3151 213 3194 non
228 3133 328 3194 omitti
342 3134 397 3194 scd
412 3134 558 3196 maturari
582 3134 732 3209 dicerent,
757 3152 826 3194 cnm
841 3132 1046 3196 Themistocle

56 3218 94 3281 id
114 3220 214 3299 questi
234 3222 306 3280 sunt
327 3219 463 3280 dicentes
483 3219 621 3281 illumin
642 3240 679 3282 ea
698 3240 733 3281 re
756 3240 790 3280 se
809 3219 917 3280 fallere
933 3221 1044 3282 conari.

58 3304 142 3366 Tum
162 3305 212 3366 hic
232 3325 285 3367 eos
304 3306 444 3366 hortatus
466 3310 526 3383 est,
556 3326 595 3367 ne
615 3307 740 3368 incertis
761 3305 933 3366 rumoribus
954 3306 1045 3367 fidem
1068 3302 1111 3367 35

57 3390 221 3466 haberent3
241 3391 374 3473 ,publice
403 3394 502 3454 certos
531 3392 669 3454 homines
698 3392 869 3465 mitterent,
900 3392 952 3470 qui
980 3411 1046 3452 rem

57 3474 1046 3561 cognoscerent.Gestuseiestmos3ephori,penesquossummum

56 3567 129 3626 erat
142 3563 312 3644 imperium,
326 3564 445 3644 legatos
460 3563 598 3628 Athenas
612 3566 762 3628 miserunt
775 3563 914 3625 homines
928 3562 1045 3624 nobiles

113 3680 215 3722 Cornelius
228 3684 302 3732 depos.
872 3669 887 3715 ²
