2504 4080
227 289 271 354 34
547 291 602 352 VI.
625 288 888 353 ALCIBIADES.

226 462 339 538 vellet,
360 461 523 523 frueretur.
569 459 696 543 Semper
711 482 778 524 eum
794 462 970 543 pedissequi
992 481 1062 524 cum
1081 464 1218 527 nummis·

228 550 299 608 sunt
313 547 418 623 secuti,
434 551 477 623 ut,
493 547 520 608 si
535 547 603 628 quis
618 549 683 628 opis
699 567 773 609 suae
788 549 953 627 indigeret,
969 548 1113 626 haberet,
1135 551 1216 633 qnod

227 633 332 695 statim
346 633 441 709 daret,
456 652 496 694 ne
511 633 676 696 differendo
690 634 849 695 videretur
863 652 985 712 negare.
1030 632 1134 717 Saepe
1147 655 1212 698 cum

228 739 318 799 quem
332 719 457 782 fortuito
472 719 593 780 videret
606 720 708 779 minus
724 720 802 780 bene
816 720 971 794 vestitum,
993 738 1085 782 suum
1102 722 1213 783 amicu-

183 803 206 866 5
228 805 292 866 lum
307 804 400 866 dedit.
446 804 593 875 Quotidie
608 805 653 865 sic
668 823 761 867 coena
775 805 804 866 ei
819 804 1012 885 coquebatur,
1032 810 1070 868 ut
1083 808 1214 870 curiales

228 911 299 952 suos
313 890 463 953 Laciadas
484 895 623 967 vocaret,
645 891 725 970 quod
750 891 965 971 quinlaceret,
990 890 1113 953 nullum
1135 893 1212 954 diem

228 976 456 1038 intermittebat.
500 975 587 1037 Nulli
614 975 691 1036 fides
716 976 796 1053 eius,
823 976 901 1037 nulli
927 994 1035 1056 opera,
1062 978 1144 1039 nulli
1165 997 1212 1039 res

227 1061 388 1122 familiaris
405 1059 510 1137 defirit,
526 1060 639 1122 multos
653 1062 860 1142 locupletavit,
877 1061 1049 1143 complures
1064 1082 1216 1146 pauperes

228 1149 363 1207 mortuos
379 1146 430 1226 qui
444 1147 526 1206 unde
541 1145 720 1208 efferrentur
731 1167 792 1210 non
802 1148 1008 1228 reliquissent,
1023 1167 1079 1210 suo
1090 1152 1212 1231 sumptu

164 1231 215 1296 10·
228 1231 348 1292 extulit.
395 1228 472 1293 Cum
495 1231 539 1292 sic
561 1251 595 1293 se
610 1235 746 1313 gereret,
769 1233 895 1295 minime
915 1236 963 1295 est
976 1234 1167 1312 mirandum,
1187 1234 1212 1294 si

227 1335 310 1377 mors
326 1317 391 1377 eius
406 1316 464 1377 fuit
478 1318 589 1378 acerba
603 1317 850 1385 Atheniensibus.

540 1808 609 1891 vl.
637 1809 897 1891 Alcibiades.

187 2000 204 2060 I
225 1985 421 2076 Aucmmnus,
440 1995 558 2060 Cliniae
569 1997 659 2075 filius,
676 1998 874 2059 Atheniensis
885 1998 1012 2079 stirpem
1023 2002 1128 2080 gentis
1138 2019 1209 2064 suec

225 2087 263 2149 ab
278 2085 375 2148 Aiace
389 2084 566 2148 Telamonia
581 2084 712 2165 repetiit.
757 2085 795 2144 Iu
810 2085 867 2146 hoc
890 2088 1001 2146 natura
1016 2086 1091 2166 quid
1105 2089 1206 2170 posset

225 2173 349 2233 videtur
371 2173 508 2251 experta.
554 2167 681 2232 Constat
703 2170 784 2231 enim
805 2169 887 2230 inter
908 2189 1029 2248 omnes,
1052 2173 1106 2252 qui
1120 2175 1161 2236 de
1173 2192 1207 2236 eo

225 2257 390 2318 memoriae
403 2255 611 2337 prodiderunt,
627 2255 704 2317 nihil
719 2255 773 2318 illo
785 2255 986 2317 excellentius
1001 2256 1097 2318 fuisse
1112 2259 1206 2321 velin

181 2339 203 2403 5
224 2342 320 2419 vitiis,
336 2341 434 2402 rolin
448 2341 623 2404 virtutibus.
667 2340 766 2404 Natus
787 2344 855 2402 erat
875 2340 1113 2423 inamplissima
1136 2344 1207 2407 ciri-

224 2431 298 2504 tate,
313 2447 431 2489 summo
446 2446 568 2507 genere,
584 2427 718 2490 omnium
733 2427 843 2488 aetatis
857 2446 932 2487 suae
945 2427 1039 2508 longe
1053 2428 1207 2492 formosis·

225 2514 331 2589 simus,
346 2513 385 2574 ad
401 2532 506 2574 omnes
521 2532 572 2574 res
587 2515 675 2594 aptus
691 2512 871 2592 consiliique
890 2512 1008 2594 plenus.
1053 2512 1206 2597 Eloquen-

222 2599 266 2660 tia
288 2618 407 2679 quoque
421 2598 563 2674 eminuit,
589 2602 625 2659 ut
649 2598 800 2680 imprimis
823 2598 951 2660 dicendo
971 2598 1106 2678 valeret,
1126 2601 1207 2682 quod

222 2687 309 2747 tauta
322 2687 391 2747 erat
404 2685 625 2747 commendatio
640 2685 702 2746 oris
722 2687 815 2765 atque
835 2684 995 2761 orationis,
1017 2688 1053 2746 ut
1073 2705 1163 2749 nemo
1177 2687 1205 2748 ei
1222 2726 1226 2735 ι

159 2766 201 2831 10
222 2774 326 2853 posset
347 2771 523 2832 resistere..
544 2769 591 2832 Ac
614 2775 773 2852 praeterea
795 2769 883 2830 dives
897 2769 971 2845 fuit3
994 2789 1065 2831 cum
1085 2774 1207 2855 tempus

222 2857 380 2938 poscebat,
402 2856 571 2920 laboriosus
600 2857 733 2939 patiens;
762 2855 900 2917 liberalis
925 2855 1120 2936 splendidus,
1144 2877 1204 2923 non

222 2942 322 3003 minus
333 2943 365 3003 in
376 2943 449 3019 vita,
465 2961 556 3023 quam
568 2943 600 3003 in
612 2943 710 3017 victu3
727 2940 855 3003 affabilis
866 2940 1006 3017 blandus,
1017 2942 1205 3023 temporibus

223 3027 419 3090 callidissime
433 3028 580 3090 serviens.
623 3029 711 3089 Idem
726 3027 817 3087 simul
832 3044 869 3088 ac
883 3046 917 3088 se
931 3027 1094 3089 remiserat
1107 3047 1205 3110 nequo

222 3132 316 3176 causa
330 3115 461 3191 suberat,
478 3133 572 3194 quare
587 3113 680 3175 animi
695 3113 831 3174 laborem
845 3113 1004 3192 perferret,
1026 3112 1209 3177 luxuriosus

157 3195 200 3260 15
221 3200 397 3276 dissolutus,
413 3199 594 3262 libidinosus
605 3200 811 3280 intemperans
821 3198 1040 3279 reperiebatur,
1055 3203 1203 3263 utomnes

221 3285 445 3348 admirarentur
458 3286 491 3346 in
506 3304 565 3347 uno
582 3282 704 3346 homine
718 3287 836 3346 tantam
847 3303 915 3344 esse
925 3283 1205 3349 dissimilitudinem

220 3376 344 3451 tamque
358 3371 513 3434 diversam
526 3372 676 3432 naturam.

162 3456 198 3517 11
305 3455 462 3520 Educatus
477 3457 565 3519 estin
578 3455 666 3517 domo
678 3453 799 3531 Pericli,
816 3474 907 3536 quem
918 3455 1100 3536 cognatione
1112 3456 1202 3519 attiu-

220 3543 313 3625 gebat
327 3547 358 3606 et
372 3545 459 3625 patre
474 3544 594 3603 mature
607 3545 728 3603 mortuo
743 3543 875 3603 tutorem
896 3542 1041 3618 babebat,
1064 3543 1204 3605 eruditus

153 3623 198 3689 20
220 3626 391 3706 aSocrate;
412 3647 551 3692 socerum
566 3626 672 3691 habuit
685 3626 907 3710 Hipponicum,
931 3627 1065 3689 omnium
1081 3624 1203 3693 Graeca
