2504 4080
394 248 470 310 XX.
493 249 699 313 DATAMES.
979 248 1044 313 107

57 421 227 484 intersectis
243 421 348 500 magni
362 421 421 482 fuit
436 422 501 482 eius
516 441 616 502 opera.
641 422 710 492 Quo
726 423 913 500 factumest,
928 443 997 484 eum
1013 424 1044 484 in

56 528 95 571 eo
116 508 196 569 bello
218 508 380 568 cecidisset
395 504 582 583 Camisares,
608 512 736 589 paterna
756 509 785 569 ei
811 512 846 569 ut
872 511 1045 571 traderetur

17 650 20 657 .
81 595 225 656 revincia

57 615 80 677 p
144 676 217 740 Pari
232 699 266 742 se
279 680 394 741 virtute
407 683 514 760 postea
533 680 688 759 praebui,
710 697 779 740 cum
795 680 1040 761 Autophrodates
1061 680 1097 743 Π

56 767 146 826 iussu
160 765 241 844 ragis
255 763 335 826 bello
350 773 584 845 persequeretur
599 786 659 840 eos,
676 785 729 845 qm
721 766 922 828 'tdel'eceran
947 767 1040 828 Nam·
1062 764 1086 829 ὗ

58 871 121 932 que
141 851 228 911 huius
250 869 343 931 opera
362 852 479 927 hostes,
503 870 573 912 eum
594 853 716 913 castra'
708 871 770 912 ram
785 853 958 925 intrassent,
974 872 1042 933 pro-

58 937 157 1016 fligati
181 940 252 997 sunt
273 937 486 1016 exercitusque
509 938 647 1018 reliquus
669 944 866 999 conservatus
885 939 969 1018 regis
984 941 1040 999 est.

53 1022 130 1094 Qua
155 1042 196 1084 ex
221 1042 256 1084 re
280 1023 446 1084 maioribus
470 1024 562 1085 rebus
588 1043 730 1104 praeesse
757 1025 864 1104 coepit.
909 1023 986 1084 Erat
1006 1043 1041 1085 eo

54 1111 195 1190 tempore
216 1108 322 1189 Thuys
343 1109 490 1189 dynastes
509 1109 751 1190 Paphlagoniae,
774 1111 899 1189 antiquo
919 1129 1040 1189 genere,

54 1206 143 1257 crtus
166 1214 186 1257 a
206 1193 393 1276 Pylaemene
415 1195 482 1269 illo,
509 1214 600 1274 quem
623 1195 775 1257 Homerus
790 1195 898 1256 Troico
921 1196 1001 1258 bello
1022 1215 1041 1257 a
1063 1192 1106 1257 10

54 1280 198 1343 Menelao
214 1280 407 1341 interfectum
422 1281 473 1341 ait.
519 1281 552 1341 Is
568 1282 635 1360 regi
650 1282 731 1342 dicto
747 1282 874 1342 audiens
888 1301 949 1343 non
963 1286 1039 1343 erat.

51 1367 159 1438 Quam
182 1367 221 1428 ob
241 1384 364 1427 eausam
382 1366 463 1427 bello
478 1386 548 1427 eum
563 1367 704 1446 persequi
720 1368 879 1427 constimit
892 1368 981 1446 eique
995 1368 1042 1429 rei

51 1453 205 1535 praefecit
219 1451 378 1526 Datamen,
395 1453 597 1598 propinquum
612 1452 834 1532 Paphlagonis:
855 1471 985 1531 namque
1000 1472 1041 1513 ex

54 1540 152 1601 fratre
174 1542 207 1599 ιι
229 1556 333 1599 ιοιοιι
354 1541 442 1600 erant
462 1543 534 1599 nati.
580 1537 734 1609 Quamob
756 1556 879 1598 causam
893 1537 1040 1598 Datames

51 1624 192 1707 primum
205 1624 340 1705 experiri
331 1624 520 1699 voluit,t
484 1627 520 1684 ut
534 1623 599 1685 sine
614 1623 707 1684 armis
711 1624 925 1770 propinquum
940 1625 980 1685 ad
994 1623 1038 1684 od·
1063 1619 1106 1684 15

51 1710 161 1772 ficium
174 1709 343 1772 reduceret.
322 1707 437 1770 tAd
453 1730 544 1790 quem
563 1728 633 1771 cum
648 1710 783 1771 venisset
797 1710 863 1770 sine
877 1710 1038 1791 praesidio,

53 1797 141 1877 quod
162 1797 200 1858 ab
222 1796 318 1857 amico
342 1795 443 1858 nullas
465 1801 625 1857 vereretur
639 1795 779 1870 insidias,
803 1815 900 1876 paene
915 1796 1038 1857 interiit.

57 1882 144 1944 Nam
155 1871 259 1965 Thuys
274 1902 344 1943 eum
359 1883 462 1942 clam
454 1882 624 1943 interficere
638 1882 743 1943 uoluit
767 1880 844 1943 Erat
859 1886 922 1943 mat
923 1901 956 1942 er
971 1900 1041 1942 cum

58 1967 206 2043 Datame,
229 1968 323 2030 amita
345 1967 561 2048 Paphlagonis.
607 1967 653 2029 Ea
675 1968 748 2048 quid
771 1977 915 2046 ageretur
935 1967 1041 2028 resciit

57 2053 218 2133 filiumque
226 2059 344 2115 monui
346 2101 351 2112 .
331 2054 434 2114 tIlle
445 2055 520 2134 fuga
534 2053 706 2134 periculum
721 2053 850 2115 evitavit
864 2053 1040 2132 bellumque
1061 2052 1105 2118 20

57 2139 174 2201 indixit
187 2138 316 2222 Thuyni.
361 2140 400 2200 In
421 2160 480 2220 quo
504 2160 574 2201 cum
595 2140 634 2200 ab
651 2138 865 2214 Ariobarzane,
886 2141 1040 2220 praefecto

55 2224 231 2308 Phrygiae,
262 2226 400 2286 desertus
434 2229 528 2299 esset,
556 2225 651 2287 nihilo
680 2226 805 2304 segnius
832 2224 1042 2306 perseverarit

53 2312 228 2391 rivumque
242 2311 353 2392 Thuyn
368 2311 449 2391 cepit
464 2330 533 2372 cnm
547 2331 644 2372 uxore
658 2315 690 2372 et
705 2311 819 2372 liberis.

145 2393 241 2459 Cuius
255 2396 329 2458 facti
353 2416 392 2458 ne
412 2399 496 2477 prius
511 2398 593 2459 sama
608 2398 647 2458 ad
662 2416 767 2477 regem
783 2416 875 2477 quam
891 2397 958 2478 ipse
972 2414 1040 2476 per·
1062 2397 1116 2461 ΙΠ

55 2482 192 2559 veniret,
215 2484 301 2545 dedit
323 2502 454 2563 operam
499 2484 609 2562 Itaque
633 2484 772 2546 omnibus
792 2483 896 2544 inseiis
910 2501 961 2557 eo,
988 2481 1041 2542 ubi
1061 2481 1105 2546 25

54 2571 125 2631 crat
139 2588 211 2645 rex,
231 2570 316 2630 venit
330 2574 512 2649 posteroque
532 2569 582 2629 die
598 2568 721 2650 Thuyn,
745 2570 898 2631 hominem
913 2567 1040 2629 maximi

56 2655 193 2737 corporis
208 2655 396 2734 terribilique
411 2655 503 2730 facie,
527 2655 606 2734 quod
627 2662 658 2715 et
673 2656 761 2734 niger
776 2660 807 2716 et
822 2655 931 2735 capillo
948 2651 1039 2732 longo

55 2742 214 2821 barbaque
224 2745 291 2802 erat
300 2741 458 2821 promissa,
471 2741 585 2820 optima
595 2746 681 2801 veste
692 2741 778 2815 texit,
795 2759 888 2820 quarn
899 2743 1040 2818 satrapae

54 2827 136 2908 regii
156 2846 265 2905 gerere
287 2829 481 2901 consuerant,
505 2827 628 2889 ornavit
649 2827 743 2887 etiam
765 2832 872 2905 torque
887 2833 977 2904 atque
993 2844 1040 2884 ar-

54 2913 151 2975 millis
173 2913 273 2974 aureis
294 2918 455 2992 ceteroque
475 2913 561 2991 regio
584 2913 680 2972 cultu:
703 2912 769 2992 ipse
792 2912 906 2991 agresti
927 2909 1042 2990 duplici
1062 2909 1123 2976 30⁴

52 2999 189 3060 amiculo
204 2999 408 3059 circumdatus
418 3003 486 3059 erat
498 2999 637 3078 hirtaque
648 2999 759 3072 tunica,
775 3017 886 3077 gerens
897 2997 929 3057 in
941 2997 1041 3076 capite

53 3085 181 3164 galeam
194 3087 398 3160 venatoriam,
423 3086 497 3145 dext
486 3090 533 3146 ιιι
548 3104 639 3145 manu
655 3085 789 3160 clavam,
813 3085 900 3144 sinist
888 3089 936 3143 tra
951 3102 1041 3163 copu-

55 3171 129 3243 lam,
146 3190 207 3251 qua
221 3171 305 3232 vinct
306 3192 358 3231 um
373 3175 444 3231 ante
459 3192 493 3232 se
509 3170 670 3251 Thuynem
692 3174 863 3248 agebat,u
840 3174 877 3231 ut
896 3170 923 3229 si
943 3170 1040 3229 feram

55 3257 189 3319 bestiam
204 3263 274 3337 capt
275 3277 325 3318 am
339 3258 472 3318 duceret.
511 3256 612 3326 Quem
628 3277 696 3317 cum
712 3277 815 3318 omnes
831 3256 1040 3335 conspicerent

53 3350 183 3425 propter
198 3344 315 3405 novitat
316 3364 364 3403 em
379 3343 524 3405 ornatus
515 3348 603 3421 rgnot
605 3362 713 3422 amque
724 3343 852 3403 formam
864 3342 901 3400 ob
913 3357 1040 3438 eamque
1062 3336 1108 3402 35
1134 3351 1137 3357 '

52 3448 124 3491 rem
138 3449 268 3508 magnus
290 3433 371 3490 esset
396 3448 574 3503 concursus,
601 3427 660 3489 fuit
648 3437 741 3489 tnon
755 3448 857 3502 nemo,
881 3426 932 3504 qui
947 3444 1040 3503 agno-

51 3522 158 3577 sceret
178 3515 289 3596 Thuyn
310 3517 437 3595 regique
453 3522 529 3576 ιιιιιιι
517 3516 614 3576 ιιιιιι.
660 3515 764 3576 Primo
779 3534 841 3574 non
866 3510 1040 3572 accredidit.

17 3628 24 3641 ·
50 3602 168 3681 Itaque
181 3600 414 3663 Pharnabazum
440 3601 523 3661 misit
552 3601 753 3680 exploratum.
799 3597 907 3676 Aquo
927 3604 962 3659 ιιι
975 3616 1043 3657 rem
