2504 4080
398 225 457 287 XI.
480 223 721 288 PELOPIDAS.
1008 227 1051 293 67

66 397 153 460 arma
171 396 405 477 libertatemque
425 402 533 459 vocato
555 416 616 457 uon
637 397 736 459 solum
751 397 803 477 qui
818 397 851 459 in
864 400 941 460 urbe
955 405 1051 478 eraut,

67 483 123 544 sed
148 481 242 544 etiam
267 482 401 562 undique
425 502 466 544 ex
491 482 575 562 agris
602 487 834 559 concurrerunt,
864 487 1052 565 praesidium

65 567 374 631 Lacedaemoniorum
389 588 430 629 ex
444 586 515 630 arce
529 567 726 649 pepulerunt,
751 569 880 650 patriam
896 573 1053 634 obsidione

65 654 248 730 liberarunt,
274 658 414 717 auctores
441 651 593 716 Cadmeae
618 655 812 734 occupandae
836 657 948 736 partim
974 660 1051 721 occi-

69 739 190 817 derunt,
203 741 316 820 partim
331 740 363 801 in
377 739 518 801 exsilium
533 739 697 800 eiecerunt.
1071 738 1094 803 5

155 824 221 887 Hoc
234 828 298 887 tarn
313 825 435 887 turbido
450 829 588 906 tempore
606 824 844 906 Epaminondas,
867 827 967 906 quoad
982 847 1052 891 cum
1073 826 1103 888 V

67 910 186 972 civibus
208 911 387 972 dimicatum
407 915 468 987 est,
491 910 573 973 domi
596 912 716 991 quietus
735 912 801 973 fnit.
845 913 955 992 Itaque
976 913 1052 976 haec

65 995 264 1058 liberatarum
276 997 447 1058 Thebarum
464 996 588 1077 propria
597 997 664 1059 laus
679 1001 728 1059 est
737 997 916 1079 Pelopidae;
931 1002 1052 1062 ceterae

66 1101 173 1143 omnes
202 1083 267 1145 sere
296 1101 471 1145 communes
504 1102 573 1144 cum
601 1081 823 1164 Epaminonda.
881 1084 928 1146 Ac
957 1084 1051 1147 Lace-

65 1168 218 1230 daemonii
233 1168 356 1248 quidem
370 1169 474 1230 statim
488 1169 595 1230 nuntio
610 1169 692 1249 pulsi
706 1189 747 1230 ex
758 1168 892 1232 Cadmea
906 1171 1051 1252 praesidii
1073 1165 1116 1232 10

66 1259 192 1334 accepto
208 1251 436 1316 Cleombrotum
450 1273 556 1334 regem
570 1255 610 1318 ad
624 1275 692 1317 eam
707 1257 947 1336 recuperandam
961 1258 1051 1319 mise·
1146 1254 1150 1259 ’

65 1342 151 1414 runt;
167 1339 193 1399 is
207 1344 311 1401 tamen
325 1360 358 1401 re
383 1340 496 1401 infecta
511 1340 616 1416 rediIt,
639 1360 697 1420 quo
720 1341 800 1402 facto
815 1343 855 1403 ad
869 1341 1051 1422 Agesilaum

66 1445 186 1488 summa
206 1426 327 1506 imperii
347 1426 451 1488 delata
471 1431 525 1487 est.
572 1424 649 1488 Cum
669 1431 772 1488 tamen
793 1426 997 1488 Athenienses
1017 1448 1050 1490 se

65 1510 219 1573 Thebanis
234 1511 444 1591 adiungerent,
460 1530 499 1572 ne
513 1512 541 1572 is
551 1512 674 1591 quidem
686 1530 832 1592 prospera
843 1512 917 1572 belli
928 1513 1051 1575 fortuna

64 1616 140 1658 usus
166 1601 226 1673 eet,
251 1604 283 1658 11
303 1597 538 1659 Atheniensium
563 1598 656 1658 duces
678 1594 841 1672 Chabrias,
869 1597 1049 1679 Iphicrates,
1073 1593 1115 1659 15

65 1683 244 1745 Timotheus
266 1686 350 1745 terra
370 1683 507 1762 marique
530 1702 580 1743 res
602 1682 910 1745 Lacedaemoniorum
932 1684 1048 1746 afflixe-

65 1774 146 1830 runt.
191 1769 229 1830 In
250 1769 366 1849 proelio
389 1769 429 1829 ad
451 1769 590 1849 Tegyras
611 1769 691 1830 sacto
712 1787 782 1830 cum
797 1769 960 1851 Pelopidas
982 1790 1050 1832 cum

66 1855 132 1916 suis
160 1853 193 1914 in
220 1854 379 1934 angustias
405 1854 542 1916 locorum
563 1854 736 1936 inopinatus
757 1856 789 1916 in
811 1875 935 1917 manum
956 1855 1050 1918 Lace·

66 1939 294 2001 daemoniorum
305 1941 399 2021 duplo
411 1940 557 2001 maiorem
579 1940 743 2015 incidisset,
760 1961 837 2002 unus
848 1961 890 2001 ex
900 1941 1050 2003 militibus

66 2024 114 2086 In
128 2025 306 2100 insidias,
322 2025 429 2104 inquit,
446 2026 610 2087 hostium
624 2026 842 2087 incidimus.
867 2026 946 2087 Tum
960 2027 1048 2090 Pelo·
1070 2021 1113 2088 20

66 2110 1049 2196 pidasDicpotius,hostesinnostras,ecsqueaggres-

65 2216 119 2258 sus
138 2197 265 2278 pepulit.
309 2197 455 2258 Interfuit
474 2197 568 2259 etiam
589 2216 710 2278 pugnae
732 2197 910 2260 Leuctricae
925 2197 1049 2279 Epami-

63 2283 168 2345 nonda
194 2283 379 2364 imperatore
408 2282 473 2343 dux
507 2282 644 2344 delectae
677 2302 800 2361 manus,
839 2304 916 2364 quae
949 2285 1050 2366 prima

63 2369 248 2450 phalangem
262 2368 431 2448 prostravit
444 2368 607 2430 Laeonum.
651 2367 703 2428 Ad
724 2388 815 2449 quam
830 2389 965 2451 pugnam
980 2389 1049 2432 cum

65 2455 155 2517 domo
171 2474 227 2516 sua
241 2455 449 2534 egrederetur,
472 2454 561 2515 uxori
577 2454 747 2516 lacrimanti
762 2459 803 2531 et,
817 2459 852 2517 ut
867 2457 960 2518 saluti
975 2476 1048 2518 suae
1070 2449 1113 2516 25

66 2540 253 2616 consuleret,
287 2539 462 2602 exhortanti
483 2540 595 2601 Istud
620 2540 786 2619 quidem,
813 2541 924 2621 inquit,
952 2562 1049 2603 uxor

68 2626 291 2702 carissima,
305 2626 425 2687 militi
438 2626 617 2705 gregario
630 2626 923 2702 suaderedecet;
940 2628 1048 2688 ducis

68 2717 127 2773 111
149 2712 295 2773 1111111
318 2712 560 2792 prospicere.
613 2708 762 2772 Omnibus
785 2715 945 2792 praeterea
969 2711 1048 2791 peri-

65 2797 144 2858 culis
158 2795 252 2872 affuit,
274 2797 354 2859 sicut
372 2816 442 2858 eum
452 2794 681 2876 Epaminondas
693 2794 834 2876 Spartam
849 2796 1048 2876 oppugnavit,

66 2884 197 2945 alterum
212 2882 310 2944 tenuit
325 2902 427 2959 cornu,
444 2901 563 2962 quoque
573 2880 715 2943 Messene
730 2880 859 2942 celerius
874 2882 1048 2946 restituere·
1070 2879 1113 2944 30

64 2974 126 3046 tur,
147 2969 269 3049 legatus
289 2968 321 3029 in
336 2968 447 3030 Persas
462 2969 617 3049 profectus
632 2970 679 3028 est
693 2985 859 3048 regemque
873 2971 1047 3046 commorit,

64 3058 99 3116 ut
114 3053 369 3117 Lacedaemonios
388 3055 507 3116 iuberet
528 3053 719 3136 possessione
734 3052 799 3114 1111
814 3056 916 3116 111111
931 3056 1047 3117 cedere.

64 3140 205 3221 Denique
233 3141 308 3202 haec
337 3139 395 3201 fuit
424 3140 521 3204 111111
549 3159 679 3222 persona
704 3139 832 3217 Thebis,
862 3142 917 3202 sed
945 3145 1048 3204 tamen

65 3226 200 3288 secunda
214 3226 266 3302 ita,
280 3229 315 3287 ut
329 3225 470 3306 proxima
484 3233 566 3288 esset
579 3225 817 3307 Epaminondae.

108 3309 305 3375 Conflictatus
325 3315 427 3374 autem
448 3315 496 3373 est
515 3332 584 3374 cum
603 3313 734 3375 adversa
747 3312 876 3375 fortuna.
920 3312 1001 3374 Nam
1033 3307 1133 3375 VI35

67 3402 98 3460 11
117 3397 219 3473 initio,
246 3398 326 3459 sieut
350 3397 553 3473 ostendimus,
580 3398 668 3459 exsul
689 3398 789 3478 patria
808 3398 907 3460 caruit
927 3401 959 3458 et
979 3415 1049 3458 cum

65 3483 257 3546 Thessaliam
278 3484 310 3545 iu
330 3486 513 3564 potestatem
528 3483 740 3546 Thebanorum
761 3486 889 3564 cuperet
906 3482 1049 3562 redigere

64 3570 288 3652 legationisque
302 3569 370 3631 iure
384 3569 460 3632 satis
475 3588 509 3632 se
523 3572 638 3633 tectum
652 3569 861 3645 arbitraretur,
877 3568 957 3649 quod
966 3567 1048 3652 apud

858 3669 890 3722 5*
