2504 4080
208 263 248 328 aa
488 264 562 327 ΧΠ.
585 264 901 329 nrumuouoes.
1027 248 1032 255 '

205 456 295 519 pares
310 438 413 498 essent
426 436 609 517 eloquentia,
624 455 722 517 neque
736 437 838 498 minus
854 438 1019 499 concinnus
1038 439 1072 499 in
1094 439 1195 501 breri-

206 527 270 584 tate
290 521 510 604 respondendi,
537 542 627 602 quam
657 523 690 584 iu
716 527 866 604 perpetua
894 524 1033 586 oratione
1058 530 1194 589 ornatus.

206 609 324 670 Habuit
356 609 591 669 obtrectatorem
615 608 820 670 Meneclidem
853 611 1022 688 quendam,
1055 610 1190 672 indidem

207 694 320 756 Thebis
334 697 366 755 et
380 694 591 757 adversarium
606 695 638 755 in
660 693 901 757 administranda
920 695 1095 777 republica,
1119 696 1192 758 satis

162 780 184 844 5
207 781 409 843 exercitatum
429 781 461 841 in
482 780 625 855 dicendo,
645 782 682 841 ut
706 780 884 842 Thebanum
905 782 1035 857 scilieet3
1059 800 1191 862 namque

206 866 253 929 illi
278 867 364 948 genti
389 866 459 947 plus
473 866 554 927 inest
567 866 681 927 virium
695 884 786 945 quarn
809 867 935 946 ingenii.
979 866 1029 944 Is,
1056 868 1189 948 quodiu

206 954 365 1035 republica
385 954 495 1014 florere
509 951 752 1033 Epaminondam
772 951 912 1028 videbat,
935 952 1052 1014 hortari
1075 953 1190 1015 solebat

207 1036 383 1114 Thebanos,
405 1041 440 1098 ut
462 1056 569 1119 paoem
591 1038 674 1099 bello
689 1037 884 1114 anteferrent,
907 1057 949 1098 ne
961 1038 1046 1099 illius
1061 1038 1188 1120 impera

206 1124 281 1186 toris
308 1141 401 1204 opera
430 1123 664 1184 desideraretur.
720 1123 803 1184 Huic
826 1124 880 1185 ille
904 1122 1047 1199 Fallis,
1083 1124 1189 1204 inquit,

143 1209 186 1273 10
207 1209 324 1269 verbo
351 1208 456 1269 cives
483 1210 583 1283 tuos,
612 1210 713 1289 quod
738 1210 808 1271 hos
835 1228 853 1271 a
878 1209 980 1271 bello
1006 1228 1190 1286 revocas3

207 1293 280 1356 otii
306 1293 405 1354 enim
432 1294 583 1356 nomine
605 1294 836 1356 servitutem
851 1294 1050 1356 concilias.
1097 1295 1188 1357 Nam

206 1379 365 1461 paritur
385 1397 460 1459 pax
479 1378 592 1442 bello.
637 1381 779 1460 Itaque
803 1381 864 1460 qui
887 1380 1190 1442 eadiutinafrui

207 1465 361 1542 volunt,
387 1465 491 1526 bello
519 1465 731 1528 exercitati
758 1485 843 1528 esse
869 1467 1015 1527 debent.
1060 1465 1191 1536 Quare

147 1635 188 1700 15
208 1549 664 1699 theutmire?
682 1552 1191 1699 :1¹2¹tez-⁶⁸uutl?utt

210 1722 305 1784 clides
320 1739 389 1782 eum
403 1722 475 1782 huic
490 1657 682 1785 inoblentiarii
696 1723 839 1801 obiceret,
855 1723 936 1803 quod
951 1722 1008 1784 sibi
1023 1721 1191 1802 Agamem·

206 1807 294 1869 nonis
327 1807 402 1868 belli
434 1808 566 1887 gloriam
600 1808 759 1869 rideretur
793 1812 973 1871 consecutus
1001 1806 1192 1886 Falleris,

207 1892 314 1974 inquit
330 1893 427 1973 quod
442 1913 495 1954 me
510 1893 834 1973 Agamemnonem
856 1893 1043 1956 aemulari
1066 1898 1190 1975 putas.

207 1979 378 2059 Namque
393 1978 464 2040 ille
480 1996 560 2040 cum
574 1979 764 2041 universa
781 1977 947 2042 Graecia
968 1980 1039 2041 rix
1062 1980 1191 2042 decem

142 2061 187 2127 20
208 2064 319 2127 annis
345 2083 456 2126 unam
482 2065 586 2147 cepit
616 2064 760 2142 urbem;
795 2085 865 2147 ego
892 2067 1027 2128 contra
1052 2084 1096 2127 ea
1120 2084 1192 2129 una

208 2151 608 2230 urbenostradieque
628 2169 700 2212 uno
723 2153 842 2213 totam
857 2148 1059 2213 Graeciam
1073 2149 1192 2213 Lace·

208 2235 423 2297 daemoniis
438 2236 781 2314 sugatisliberari.

139 2320 188 2382 VI
294 2318 383 2379 Idem
398 2337 467 2380 cum
487 2321 519 2381 in
542 2324 724 2382 conventum
745 2321 883 2384 venisset
896 2320 1051 2384 Arcadum
1072 2324 1194 2401 petens,

206 2407 241 2465 ut
255 2403 431 2466 societatem
445 2423 515 2467 cum
530 2406 683 2468 Thebanis
702 2411 734 2469 et
746 2406 876 2488 Argivis
898 2407 1046 2482 iacerent,
1071 2412 1193 2469 contra·

141 2486 184 2554 25
206 2509 265 2570 que
280 2485 469 2565 Callicrates,
484 2489 719 2553 Atheniensium
733 2492 868 2573 legatus,
892 2528 936 2539 -
950 2492 1002 2572 qui
1016 2491 1194 2573 eloquentia

207 2574 346 2637 omnibus
361 2594 397 2638 eo
412 2578 549 2657 tempore
571 2578 747 2659 praestabat
760 2612 803 2624 --
817 2578 1015 2659 postulasset,
1038 2580 1074 2640 ut
1087 2578 1193 2659 potius

206 2661 373 2725 amicitiam
386 2660 620 2724 Atheniensium
641 2666 854 2743 sequerentur,
875 2667 907 2725 et
929 2664 961 2726 in
981 2664 1122 2725 oratione
1136 2680 1194 2725 sua

206 2749 304 2810 multa
327 2749 467 2812 invectus
492 2752 575 2810 esset
599 2749 631 2810 in
646 2748 807 2812 Thebanos
829 2753 860 2811 et
873 2749 1009 2829 Argivos
1030 2749 1063 2809 in
1084 2750 1193 2830 eisquc

205 2835 264 2895 hoo
277 2835 437 2915 posuisset,
452 2835 587 2898 animum
602 2836 763 2898 advertere
784 2834 896 2897 debere
910 2834 1061 2910 Arcades,
1085 2834 1194 2914 quales

142 2915 185 2981 30
206 2922 335 2998 utraque
360 2921 470 2983 civitas
495 2922 579 2982 cives
599 2924 803 3002 procreasset,
830 2920 1002 3001 exquibus
1025 2920 1065 2982 de
1081 2919 1194 2983 ceteris

207 3007 331 3083 possent
353 3005 489 3069 indicare
508 3006 656 3087 (Argivos
677 3008 758 3069 enim
783 3006 880 3068 fuisse
901 3004 1042 3069 Orestem
1064 3008 1097 3067 et
1118 3006 1191 3068 Ale

206 3106 379 3167 maeonem,
400 3092 591 3168 matricidam
612 3092 725 3154 Thebis
744 3090 897 3174 Oedipum
910 3096 1030 3168 natum,
1052 3091 1191 3172 quicum

207 3176 326 3254 patrem
340 3194 429 3236 suum
444 3177 661 3255 interfecisset,
683 3197 723 3240 ex
737 3185 836 3240 matre
850 3178 963 3240 liberos
977 3180 1192 3259 procreasset),

205 3259 277 3322 huic
299 3258 332 3321 in
354 3262 563 3343 respondendo
578 3263 820 3345 Epaminondas,
843 3282 912 3324 cum
934 3265 974 3324 de
994 3263 1107 3324 ceteris
1122 3281 1191 3345 per·

142 3343 185 3409 35
207 3349 332 3422 orasset,
348 3351 509 3429 postquam
520 3350 560 3411 ad
573 3350 628 3412 illa
637 3350 699 3411 duo
712 3351 825 3431 probra
834 3349 984 3430 pervenit,
998 3349 1147 3411 admirari
1157 3366 1191 3410 se

206 3431 287 3493 dixit
307 3433 469 3495 stultitiam
488 3434 620 3496 rhetoris
633 3433 744 3511 Attici,
767 3436 818 3517 qui
840 3453 901 3497 non
921 3434 1193 3497 animadvertisset

208 3517 386 3580 innocentes
400 3520 471 3581 illos
486 3522 574 3581 natos
588 3519 680 3598 domi,
695 3521 810 3583 scelere
831 3521 977 3596 admisso,
999 3538 1068 3582 cum
1091 3520 1192 3605 patria

165 3628 168 3635 ·
206 3606 310 3665 assent
335 3604 472 3687 expulsi,
504 3607 643 3685 receptos
668 3625 737 3668 esse
761 3607 800 3670 ab
826 3605 1072 3669 Atheniensibus.
1129 3603 1189 3668 Sed
