2504 4080
161 233 204 299 30
489 233 544 293 IV.
568 229 812 294 PAUSANIAS.

81 458 84 463 .
160 406 205 468 ris
219 405 424 485 cognovisset,
440 403 540 484 aperit
552 403 641 484 eique
656 402 831 483 exprobrat,
847 401 1013 483 quodcum
1030 422 1151 485 semper

161 492 327 574 praecipua
340 490 400 551 fide
415 509 491 569 erga
501 509 571 550 eum
581 489 699 564 inisset,
715 507 783 550 eam
794 489 927 568 gratiam
937 488 997 549 sibi
1009 489 1150 565 referret,

161 580 197 639 ut
217 597 251 639 se
271 576 401 639 interfici
430 576 559 637 iuberet,
604 573 771 637 Pausanias
793 576 826 635 id
846 594 866 636 a
885 593 919 635 se
939 575 1060 636 factum
1082 594 1150 636 esse

106 710 108 714 .
162 682 224 727 non
249 682 365 744 negans
390 662 494 745 petiit,
520 681 560 723 ne
587 660 646 722 sibi
670 660 863 737 irasceretur,
891 660 1150 741 securitatemque

120 746 142 811 5
163 749 320 832 pollicitus
335 752 390 825 est,
409 749 435 810 si
451 767 470 810 a
484 747 599 827 templo
615 746 813 822 discessisset,
836 745 988 829 simulque
1009 747 1149 808 hortatus

164 839 220 911 est,
235 838 376 916 utquam
391 834 549 895 celerrime
560 832 812 913 proficisceretur,
826 850 905 894 neve
914 833 1008 893 rebus
1019 833 1148 912 agendis

164 942 281 983 moram
303 921 432 982 afferret
477 919 535 979 His
556 919 648 979 rebus
669 919 776 998 ephori
797 918 929 999 cognitis
948 918 1048 981 satius
1063 921 1148 999 puta

163 1016 285 1083 verunt,
299 1006 330 1067 in
344 1006 421 1066 urbe
436 1024 506 1066 eum
521 1004 743 1085 comprehendi.
788 1003 857 1074 Quo
879 1022 948 1064 eum
962 1008 1069 1066 essent
1081 1023 1149 1086 pro

162 1093 237 1155 fecti
258 1097 290 1153 et
303 1090 472 1152 Pausanias
492 1090 625 1170 placato,
646 1094 682 1150 ut
696 1089 901 1165 existimabat,
919 1087 1040 1170 Argilio
1056 1088 1148 1152 Laoc·

101 1174 143 1239 10
165 1178 343 1239 daemonem
364 1175 558 1250 revertisset,
581 1177 611 1236 in
634 1176 686 1238 via
699 1175 784 1236 urbis
799 1194 868 1236 cum
882 1176 944 1237 iam
958 1175 991 1236 in
1005 1195 1042 1237 eo
1059 1178 1147 1252 esset,

164 1268 200 1323 ut
214 1261 534 1342 comprehenderetur,
560 1280 601 1321 ex
625 1262 715 1323 vultu
736 1261 848 1322 minaci
867 1261 974 1342 ephori
988 1261 1148 1324 cuiusdam

164 1347 291 1409 insidias
307 1347 366 1408 sibi
379 1346 448 1408 fieri
461 1346 629 1421 intellexit;
646 1347 739 1408 simul
752 1346 847 1408 alium
859 1346 964 1409 dicunt
974 1367 1016 1409 ex
1027 1347 1151 1429 ephoris

164 1438 242 1496 nutu
255 1433 403 1496 benevole
419 1433 449 1496 ei
463 1432 663 1513 significasse,
678 1433 752 1513 quid
767 1438 917 1513 ageretur.

96 1517 144 1578 VI
250 1520 369 1583 Deinde
384 1519 490 1602 paucis
504 1523 574 1580 ante
590 1518 744 1600 gradibus,
761 1538 852 1599 quam
868 1518 920 1598 qui
931 1520 1149 1599 sequebantur,

102 1600 143 1664 15
165 1625 256 1668 cursu
277 1608 384 1670 aedem
398 1606 573 1680 Minervae,
594 1624 673 1685 quae
688 1602 876 1667 Chalcioicos
897 1612 1033 1680 vocatur,
1050 1605 1147 1685 petiit

165 1691 325 1762 Quocum
351 1692 554 1771 pervenisset,
578 1691 611 1750 in
636 1710 767 1771 parvum
788 1689 941 1771 quoddam
966 1690 1150 1767 aedificium,

165 1777 246 1855 quod
265 1796 361 1857 prope
380 1776 529 1856 templum
551 1781 630 1850 erat,
657 1796 696 1836 ne
722 1777 778 1838 sub
799 1777 872 1839 divo
888 1776 1080 1857 tempestatis
1094 1777 1149 1839 ini-

165 1861 282 1941 quitate
297 1862 529 1936 conflictaretur,
545 1882 577 1923 se
593 1863 721 1924 contulit
739 1863 841 1943 ibique
855 1863 975 1943 quietus
990 1882 1025 1923 se
1039 1863 1150 1924 tenuit

164 1947 218 2008 Illi
232 1952 334 2010 autem
349 1952 465 2010 tectum
479 1948 549 2008 eius·
559 1948 691 2008 aedificii
708 1951 780 2010 sunt
794 1948 933 2011 demoliti
947 1950 979 2009 et
999 1949 1083 2010 fores
1098 1949 1149 2011 ob·

100 2025 144 2091 20
166 2037 346 2097 struxerunt
360 2040 391 2096 et
406 2036 477 2096 ante
490 2052 543 2094 eas
558 2034 744 2096 excubantes
759 2037 1029 2116 exspectaverunt,
1052 2034 1153 2097 donee

165 2120 244 2183 fame
266 2122 388 2203 periret.
433 2118 524 2189 Quod
544 2139 613 2180 cum
633 2121 801 2182 sensissent
821 2122 883 2182 iam
904 2120 937 2181 in
959 2139 996 2181 eo
1011 2139 1089 2196 esse,
1114 2122 1151 2182 ut

165 2211 342 2280 moreretur,
358 2205 570 2268 semianimum
586 2206 773 2283 extulerunt,
794 2226 853 2286 quo
868 2207 948 2268 lecto
964 2206 1070 2267 statim
1085 2206 1151 2268 ani·

165 2309 247 2352 mam
270 2291 394 2353 efflauit.
441 2288 535 2353 cuius
549 2293 662 2355 mortui
676 2310 786 2374 corpus
801 2311 871 2354 cum
886 2292 993 2353 eodem
1007 2292 1151 2354 nonnulli

165 2376 303 2438 dicerent
312 2375 419 2438 inferri
430 2391 579 2458 oportere,
591 2397 650 2458 quo
661 2398 723 2454 eos,
736 2378 788 2459 qui
799 2379 838 2440 ad
850 2377 1033 2459 supplicium
1044 2381 1151 2440 essent

100 2452 144 2517 25
165 2461 243 2537 dati,
267 2463 424 2544 displicuit
444 2463 582 2546 pluribus
604 2469 636 2526 et
650 2484 745 2546 prope
760 2484 831 2526 eum
844 2465 948 2527 locum
960 2462 1155 2541 infoderunt,

166 2568 225 2630 quo
241 2551 308 2610 erat
322 2554 469 2612 mortuus.
505 2548 583 2612 Inde
598 2552 751 2632 posterius
765 2550 906 2632 Delphici
921 2568 1067 2630 responso
1082 2569 1152 2612 ora-

167 2635 229 2697 culi
257 2637 374 2698 erutus‘
387 2639 479 2717 atque
500 2636 607 2698 eodem
629 2638 695 2699 loco
723 2636 861 2720 sepultus
883 2640 944 2712 est,
972 2634 1025 2696 ubi
1050 2634 1153 2699 vitam

166 2726 318 2803 posuerat
361 2721 497 2787 Narrant
510 2728 611 2786 autem
631 2724 784 2800 nonnulli,
808 2743 844 2785 eo
859 2726 996 2803 tempore
1018 2724 1153 2785 matrem

166 2805 338 2872 Pausaniae
352 2809 476 2885 uixisse,
492 2828 620 2890 eamque
634 2810 696 2871 iam
710 2802 858 2889 &randem
872 2814 962 2884 natu,
985 2812 1153 2889 postquam

102 2879 145 2945 30
167 2893 206 2955 de
220 2895 336 2957 scelere
349 2895 405 2957 filii
420 2896 627 2979 comperisset,
642 2895 793 2977 imprimis
808 2896 847 2957 ad
863 2914 933 2957 eum
944 2894 1154 2955 claudendum

166 2979 301 3061 lapidem
316 2982 355 3041 ad
370 2980 528 3044 introitum
543 2981 673 3044 aedificii
688 2981 805 3047 tulisse.

554 3257 759 3267 --·--—--—
