2504 4080
335 214 423 275 VIII.
448 211 758 276 THRASYBULUS.
999 211 1043 276 49

325 536 443 618 VIII.
472 535 777 638 Thrasybulus.

55 713 291 801 Tnnusmunus,
315 724 393 806 Lyci
415 725 510 797 filius,
534 723 730 786 Atheniensis
751 728 782 786 et
802 727 995 787 manufortis
1011 732 1042 788 et
1065 728 1082 786 I

58 813 110 872 vir
125 811 352 873 honestissimus
368 812 434 871 fuit.
470 810 631 871 Neminem
646 811 718 870 huic
733 811 872 891 praefero
887 811 956 885 fide,
973 832 1042 873 oon-

56 899 179 971 stantia‚
197 894 290 958 animi
304 897 523 975 magnItudine,
540 896 572 955 in
586 896 716 975 patriam
732 915 842 958 amore.
878 897 960 957 Huic
976 916 1043 958 oon-

58 984 140 1063 tigit,
156 986 191 1044 ut
205 982 336 1063 patriam
351 1002 369 1043 a
384 983 511 1062 triginta
522 982 660 1062 tyrannis
672 1002 851 1063 oppressam
863 1004 880 1044 e
895 984 1045 1044 servitute

57 1071 91 1131 in
105 1070 280 1130 libertatem
293 1068 471 1129 vindicaret.
511 1065 572 1128 Sed
586 1068 688 1130 nescio
705 1069 854 1148 quomodo
870 1089 940 1130 cum
955 1089 1043 1130 nemo
1089 1066 1110 1129 5

54 1175 130 1216 eum
145 1155 276 1215 anteiret
291 1154 354 1215 illis
370 1154 545 1228 virtutibus,
568 1174 642 1234 quas
658 1155 747 1216 modo
763 1155 837 1230 dlxi,
854 1157 944 1216 multi
960 1156 1044 1217 nobi·

57 1242 146 1302 litate
169 1244 201 1301 et
227 1240 329 1319 gloria
357 1248 637 1319 praecucurrerunt.
691 1241 829 1301 Primum
851 1243 933 1302 bello
956 1241 1044 1302 Pelo-

58 1327 241 1408 ponnesiaco
256 1326 402 1387 nonnulla
415 1325 466 1385 hic
480 1325 547 1385 sine
562 1325 722 1386 Alcibiade
737 1328 848 1403 gessIt,
872 1329 962 1407 plura
976 1347 1045 1386 cum

56 1433 104 1473 eo.
151 1409 229 1472 Cum
244 1411 447 1473 Athenienses
462 1415 586 1471 auctore
602 1410 776 1486 Alcibiade,
800 1411 852 1491 qui
868 1413 900 1471 in
914 1413 1045 1491 patrIam

58 1498 199 1558 revocari
219 1498 329 1573 vellet,
358 1497 595 1557 dominationem
617 1497 809 1575 optimatium
831 1497 1044 1569 Instituissent,
1069 1495 1110 1557 10

59 1582 273 1662 Thrasybulus
295 1586 326 1643 et
347 1583 544 1663 Thrasyllus,
574 1582 626 1661 qui
654 1584 727 1641 tuno
748 1581 779 1642 in
801 1582 940 1642 exercitu
963 1582 1045 1661 apud

56 1666 186 1729 Samum
201 1671 295 1743 erant,
311 1669 425 1729 milites
440 1670 683 1742 commoverunt,
709 1669 743 1727 ut
765 1687 833 1728 earn
853 1669 1045 1730 immutatam

59 1754 246 1834 reipublicae
277 1755 487 1816 condIoIonem
520 1753 672 1814 reicerent
700 1753 897 1834 iurarentque
927 1775 961 1816 se
989 1775 1044 1836 pro

58 1841 203 1901 libertate
227 1839 328 1901 omma
353 1858 488 1900 ausuros.
535 1838 603 1908 Quo
629 1840 709 1899 facto
737 1839 864 1899 ducibus
893 1841 1001 1901 elassis
1028 1861 1045 1900 a

59 1928 189 1986 munere
203 1926 328 1986 remotis
344 1944 463 1985 summa
478 1924 598 2004 imperii
613 1926 652 1985 ad
665 1924 893 2004 Thrasybulum
907 1928 938 1985 et
950 1925 1044 1985 Thra·
1070 1923 1110 1986 15

59 2011 176 2092 syllum
202 2011 302 2073 delata
327 2013 382 2071 est.
429 2007 688 2071 Conflictabantur
714 2016 817 2070 autem
843 2029 878 2070 eo
908 2015 1045 2090 ternpore

60 2096 265 2158 Athenienses
281 2096 412 2157 adversa
425 2096 500 2156 belli
515 2096 644 2157 fortuna.
669 2095 737 2155 Iam
752 2114 821 2155 cum
835 2115 949 2174 magna
964 2102 1045 2156 esset

58 2182 162 2265 opinio
188 2184 226 2244 de
240 2180 409 2243 Alcibiadis
435 2182 551 2242 uirtute
578 2180 659 2262 apud
680 2181 810 2255 milites,
834 2180 1045 2263 Thrasybulus

59 2268 152 2330 facile
174 2268 315 2350 pertulit,
338 2271 373 2328 ut
396 2268 423 2328 is
444 2275 641 2329 revocaretur
663 2270 694 2327 et
715 2266 782 2347 pari
804 2268 932 2347 imperio
955 2272 1046 2348 atque

59 2354 128 2435 ipse
147 2358 178 2415 et
198 2354 381 2434 Thrasyllus
401 2353 625 2434 praeficeretur.
670 2350 717 2412 Ao
739 2353 843 2414 statIm
858 2374 961 2414 rerum
977 2373 1044 2414 con·
1068 2351 1111 2416 20

59 2439 163 2501 versio
186 2440 266 2501 facta
287 2444 346 2512 est3
372 2459 443 2500 nam
468 2443 499 2500 et
520 2439 696 2500 Alcibiades
716 2459 782 2500 rem
803 2440 881 2500 bene
903 2440 1001 2518 gessit
1016 2452 1046 2500 et

61 2525 273 2606 Thrasybulus
287 2526 319 2586 in
334 2544 437 2605 pugna
446 2525 527 2585 inter
538 2523 660 2585 Sestum
672 2527 705 2586 et
715 2522 861 2606 Abydum
874 2525 1044 2597 commissa,

59 2611 93 2672 in
115 2631 175 2691 qua
194 2612 299 2672 dextro
322 2630 416 2672 cornu
437 2614 590 2690 praeerat,
614 2611 802 2688 singularem
817 2630 944 2691 operam
959 2630 1046 2690 prae·

62 2697 150 2758 stitit.
195 2697 284 2758 Idem
298 2697 435 2757 Interfuit
455 2715 576 2776 pugnae
591 2697 695 2756 navali
715 2697 754 2756 ad
770 2693 914 2776 Cyzicum
938 2697 1044 2769 factae,

61 2800 123 2863 qua
136 2781 305 2859 MIndarus,
326 2783 391 2842 dux
405 2781 727 2855 Lacedaemoniorum,
748 2781 847 2842 victus
870 2784 902 2843 et
923 2781 1046 2842 interfe-
1069 2777 1111 2842 25

59 2870 130 2929 otus
145 2871 200 2929 est.
246 2867 360 2930 Multas
381 2868 492 2928 deinde
513 2868 605 2928 urbes
621 2867 781 2942 ThracIae,
806 2886 885 2947 queo
900 2868 939 2929 ad
955 2867 1047 2930 Lace-

58 2954 237 3015 daemonios
252 2954 435 3030 defecerant,
451 2954 688 3014 Atheniensibus
702 2953 905 3033 recuperavit.

148 3038 223 3101 Post
242 3060 377 3120 pugnam
397 3041 437 3101 ad
452 3039 624 3119 Arginusas
644 3039 759 3099 insulas
780 3040 895 3103 factam
913 3040 1046 3120 Thrasy·
1068 3040 1103 3100 H

60 3126 154 3186 bulus
184 3145 254 3186 cum
283 3126 486 3202 Theramene,
516 3127 568 3206 qui
597 3129 663 3187 tum
688 3125 849 3186 trierarchi
877 3132 977 3201 erant,
1010 3127 1048 3186 ad

60 3212 229 3290 naufragos
254 3212 423 3272 servandos
449 3218 481 3273 et
505 3216 694 3274 mortuorum
721 3231 848 3293 corpora
873 3213 1049 3293 colligenda
1071 3209 1114 3272 30

63 3297 245 3372 missisunt,
261 3299 341 3378 quod
356 3298 517 3378 quominus
532 3298 726 3378 perficerent,
748 3302 932 3380 tempestate
948 3299 1047 3358 subito

62 3386 172 3445 exorta
185 3384 323 3465 impediti
338 3386 416 3444 sunt.
447 3382 517 3453 Quo
532 3386 612 3446 facto
627 3405 666 3446 ne
681 3404 810 3465 poenam
825 3385 884 3464 ipsi
899 3384 1047 3457 subirent,

60 3487 185 3530 omnem
201 3470 321 3550 culpam
336 3470 368 3530 iu
383 3469 476 3530 duces
491 3470 597 3532 classis
613 3471 814 3544 contulerunt,
832 3489 849 3530 e
865 3470 975 3549 quibus
991 3487 1048 3528 sex
1118 3538 1126 3547 ..

61 3555 180 3617 iudicta
200 3575 291 3618 causa
312 3555 417 3618 statim
437 3556 546 3636 capitis
567 3557 703 3618 damnati
722 3560 755 3618 et
773 3555 924 3636 supplicio
947 3552 1049 3615 affecti

115 3673 218 3716 mmsis
231 3675 303 3724 Nepos.
843 3662 859 3707 4
