2504 4080
164 224 185 289 6
507 223 531 285 Ι.
555 221 792 287 MILTIADES.

164 400 232 457 rent
251 442 258 469 ,
280 394 436 457 Miltiades
465 396 604 459 custodes
632 394 770 457 hortatus
798 398 862 473 est,
901 418 946 461 no
977 420 1001 463 a
1033 402 1128 465 romu

165 482 267 543 datam
279 481 466 544 occasionem
480 482 657 544 liberandae
668 479 813 544 Graeciae
827 483 1042 551 dimitterent
1070 486 1129 549 en

164 568 191 627 si
212 588 280 629 curm
303 568 340 631 iis
361 569 470 651 copiis,
494 588 568 648 quas
589 586 692 629 secum
712 572 976 649 transportasset,
998 572 1130 637 inarare

164 652 292 729 Darius,
313 674 372 717 uon
395 656 494 716 solum
514 654 667 734 Europam
689 655 753 715 fore
768 658 877 729 tutam,
899 659 961 719 sed
983 660 1129 731 etiamen

121 744 142 807 l)
164 740 215 821 qui
231 740 336 805 Asiam
357 743 523 803 incolerent
538 736 649 801 Graeci
670 760 797 818 genere,
816 740 936 805 liberos
949 764 973 806 a
987 744 1143 823 Persen,

163 828 282 890 luteres
307 827 510 889 dominatione
536 830 566 886 et
593 826 741 906 periculo;
768 830 800 888 et
821 826 915 888 facile
944 830 1034 893 effici
1055 848 1129 915 pona

170 912 263 975 l‘outo
283 914 363 975 enim
383 912 512 973 rescisso
533 930 638 989 regem
660 912 710 972 vel
731 912 863 973 hostium
876 912 965 978 ferro
982 918 1041 979 vel
1054 914 1131 999 inope

167 1002 270 1079 qnaeris
284 998 390 1058 diebus
404 997 604 1059 interiturum.
650 997 700 1057 Ad
714 997 770 1059 hoc
785 996 950 1061 consilium
970 1020 1049 1065 cum
1061 1000 1131 1085 plut

165 1104 222 1161 qee
243 1083 434 1157 aestimarent,
462 1082 618 1143 Histiaeus
637 1082 775 1144 Milesius
789 1104 840 1144 ·ne
865 1103 917 1144 res
945 1088 1130 1151 conticeo-ete

105 1174 143 1237 le
164 1168 281 1229 obstitit
295 1170 407 1241 tlletans,
422 1188 481 1230 non
496 1168 578 1229 idem
592 1169 681 1248 ipsis,
703 1169 754 1248 qui
775 1188 908 1231 summas
922 1171 1055 1254 imperii
1069 1179 1131 1237 ee

166 1260 241 1325 rent,
257 1254 401 1335 expedire
422 1259 452 1315 et
472 1254 672 1329 multitudini,
696 1255 776 1333 quod
789 1255 875 1318 Darii
894 1275 996 1337 regno
1011 1260 1138 1343 ipsene·

167 1340 313 1403 niteretur
329 1340 508 1414 dominatio;
530 1359 589 1420 quo
604 1339 755 1401 exstincto
769 1342 852 1422 ipsos
866 1346 1027 1422 potestate
1041 1344 1130 1429 expet

164 1450 213 1487 sris
229 1428 347 1489 ciuibus
362 1428 425 1489 sais
440 1446 551 1509 poenas
566 1426 697 1486 daturos.
720 1427 829 1507 ltaque
843 1427 920 1489 adeo
934 1448 972 1490 se
982 1432 1132 1495 abnouae

165 1536 183 1575 a
205 1522 373 1577 citerorum
394 1514 532 1589 consilio,
554 1515 589 1573 ut
611 1510 686 1573 nihil
708 1516 794 1593 putet
814 1513 888 1593 ipsis
908 1514 1036 1593 utilius,
1057 1528 1140 1599 qun'

106 1601 142 1664 lb
166 1600 335 1661 rrroullrrnari
361 1620 491 1677 regnum
515 1600 688 1660 Persarum.
738 1599 839 1660 Huius
863 1603 1053 1665 sententiam
1078 1620 1134 1665 can

167 1684 287 1763 plurimi
303 1684 397 1743 seronati
413 1687 522 1759 essent,
537 1704 593 1745 rex
608 1685 712 1745 salvus
727 1685 896 1746 exercitum
911 1688 1057 1751 traduxit
1070 1686 1137 1769 etin,

168 1766 271 1829 heirrnr
288 1768 384 1829 rediit.
421 1768 576 1830 Miltiades
591 1774 701 1844 autem,
718 1773 797 1850 qaod
812 1770 941 1847 mireris,
958 1790 1136 1856 quamquam

165 1858 309 1923 erraueret,
325 1854 405 1935 quod
420 1854 522 1915 Persis
538 1854 683 1935 perniciei
697 1860 794 1929 esset,
815 1855 978 1918 inoffensus
1003 1860 1038 1921 in
1052 1858 1136 1923 One

164 1960 270 2001 eeaese
286 1940 405 2001 rrraesit.

100 2026 143 2091 20
183 2026 222 2087 lV
249 2026 375 2107 Aliquot
389 2025 476 2087 annis
491 2026 650 2106 postquam
662 2024 772 2086 Darius
788 2026 910 2086 domum
922 2028 1027 2106 rediit,
1043 2033 1137 2105 Iones,

165 2112 215 2191 qui
234 2110 337 2173 llsianr
352 2110 532 2185 incolebant,
548 2110 728 2172 seditionem
742 2115 918 2187 mouerunt,
942 2119 978 2175 ut
991 2134 1035 2175 ex
1049 2114 1139 2179 sarri·

166 2204 228 2257 tete
248 2196 408 2257 Persarum
423 2196 455 2257 in
475 2197 647 2259 libertatem
668 2217 701 2258 se
721 2198 918 2260 uindicarent.
964 2198 1027 2268 Qui
1043 2206 1140 2264 motae

165 2300 232 2341 ciram
245 2302 434 2363 cernprossus
449 2287 537 2357 esset,
555 2303 612 2343 rex
626 2284 755 2347 classem
765 2285 856 2360 misit,
872 2287 907 2345 ut
918 2282 1141 2350 Chersonesum

166 2372 196 2427 et
211 2368 300 2427 arbes
315 2362 353 2431 od
373 2366 602 2449 Hellespontum
625 2371 699 2431 sitas
719 2371 775 2431 sub
789 2374 971 2452 potestatem
993 2390 1085 2447 suam
1098 2392 1142 2435 re-
1164 2382 1172 2445 ’,

100 2452 142 2517 ae
165 2452 292 2529 digeret.
338 2452 428 2523 Quod
444 2473 514 2516 oum
528 2454 711 2531 Phoenices,
734 2456 838 2536 quiin
859 2456 1025 2517 classiariis
1046 2459 1141 2540 regiis
1169 2458 1172 2505 l

165 2546 260 2613 orant,
276 2538 462 2601 Chersoneso
478 2541 756 2622 appropinquarent
770 2547 801 2603 et
814 2544 875 2605 iam
889 2543 969 2624 apud
984 2541 1143 2605 Tenedum

165 2628 274 2701 essent,
290 2624 446 2687 Miltiades
460 2628 585 2702 veritus,
609 2647 647 2688 ne
668 2633 773 2709 captus
789 2627 828 2687 ad
841 2648 947 2706 regem
961 2629 1141 2710 perducere

165 2716 223 2787 tur,
239 2713 319 2793 quod
333 2712 434 2774 lacere
449 2710 650 2775 Phoenicibus
666 2714 697 2773 in
711 2712 811 2773 animo
826 2717 900 2786 erat,
925 2732 993 2774 cum
1008 2714 1141 2794 quinque

168 2798 350 2875 triremibus,
366 2818 441 2879 quas
457 2798 564 2878 opibus
579 2800 642 2858 suis
656 2798 850 2877 impleverat,
873 2798 996 2858 solvens
1012 2819 1053 2859 ex
1065 2800 1141 2858 urbe

101 2882 144 2945 30
167 2880 279 2945 Cardia
295 2882 432 2946 Athenas
447 2882 614 2963 navigavit.
648 2882 709 2952 Qui
724 2881 797 2940 dum
807 2901 862 2961 per
873 2882 981 2957 sinum,
998 2885 1050 2964 qui
1061 2883 1139 2944 dice

166 2967 263 3043 batur,
287 2969 410 3047 nigrum
432 2965 653 3029 Chersonesum
676 2966 932 3048 praetervehimur,
954 2966 1124 3030 Phoenicer

166 3054 263 3115 classe
278 3054 502 3116 circumventus
517 3058 564 3113 est
579 3052 689 3133 etipse
704 3052 826 3133 quidem
838 3072 906 3114 cum
917 3034 1153 3134 quatuoreffl*

165 3139 222 3199 bus
238 3140 276 3200 ad
291 3140 429 3200 Imbrum
444 3139 574 3200 insulam
594 3138 708 3215 evasit,
730 3139 866 3219 quintam
885 3160 958 3201 uero
973 3127 1073 3200 Plffi1
1088 3101 1139 3164 ⁰b‘

166 3225 294 3287 insecuti
309 3229 462 3306 ceperunt,
478 3224 526 3285 oui
541 3228 680 3307 praeerat
694 3224 877 3303 Metiochus,
898 3210 1070 3296 Miltiatiam
1089 3209 1110 3249 ¹¹
1149 3242 1152 3247 ·

103 3310 146 3377 35
167 3316 241 3373 natu
264 3312 424 3373 maximus.
476 3309 556 3373 Eum
579 3330 648 3372 oum
668 3310 836 3373 Phoenices
862 3312 927 3374 eius
952 3296 1113 3374 filir¹m⁰¹¹⁰
1145 3354 1148 3361 .

167 3397 395 3479 cognovissent,
420 3397 523 3458 statim
545 3397 584 3459 ad
598 3390 703 3479 reg'em
725 3399 929 3473 deduxerunt,
951 3390 1025 3461 mal
1039 3363 1132 3446 quibu

167 3485 299 3565 gratiam
320 3485 400 3566 apud
422 3483 509 3544 illum
530 3484 660 3546 inituros
681 3489 845 3566 sperantes.
889 3483 1003 3559 Tantus,
1028 3467 1119 3514 emm
1163 3502 1166 3507 ·

170 3570 283 3647 aberat,
299 3574 334 3632 ut
347 3590 404 3631 rex
418 3570 569 3634 Metiooho
585 3571 643 3631 sibi
663 3571 763 3633 oblato
785 3569 880 3631 ullam
894 3541 1087 3677 ἱιὶίιιῑίξὶὃίΜΒ
1102 3532 1172 3693 ⁶¹¹:
