2542 4088
197 251 259 318 106
528 251 604 317 xx„
625 250 833 315 ernanus
958 220 960 224 ’

193 423 354 506 fatigatus,
380 443 450 485 cum
475 427 576 489 castra
600 428 811 500 moverentur,
845 423 992 485 insciente
1017 423 1176 507 Antigono

194 512 352 590 iugulatus
367 514 415 571 est
429 529 447 571 a
462 510 659 572 custodibus'

109 593 197 662 XIII
280 595 331 658 Sic
345 596 497 659 Eumenes
513 607 661 658 annorum
676 595 809 675 quinque
823 598 855 657 et
869 595 1081 676 quadraginta,
1096 617 1175 662 oum

194 684 233 744 ab
253 702 331 745 anno
353 683 513 755 vicesimo,
536 682 584 743 uti
605 700 698 762 supra
720 682 921 758 ostendimus,
944 687 1063 762 septem
1078 702 1176 750 annos

150 765 181 830 5.
194 768 336 851 Philippo
351 769 550 849 apparuisset,
566 768 713 829 tredecim
727 768 809 848 apud
821 767 1032 833 Alexandrum
1043 771 1176 833 eundem

193 856 295 918 locum
310 856 505 929 obtinuisset,
529 855 561 915 in
577 855 624 915 his
638 874 733 914 unum
749 855 884 933 equitum
899 854 967 914 alae
981 855 1175 935 praefuisset

192 946 263 1022 post
277 948 379 1003 autem
391 940 562 1004 Alexandri
572 939 680 1019 Magni
695 949 825 1001 mortem
839 941 1005 1020 imperator
1018 942 1174 1009 exercitus

192 1028 334 1089 diruisset
347 1046 540 1105 summosque
556 1027 649 1089 duces
659 1027 772 1106 partim
784 1027 947 1106 repulisset
956 1027 1067 1106 partim
1076 1028 1172 1093 inter-

192 1114 329 1186 ieeisset,
356 1117 464 1192 captus
484 1132 544 1173 non
566 1110 714 1193 Antigoni
739 1112 867 1186 virtute,
894 1112 950 1174 sed
970 1112 1170 1180 Macedonum

128 1193 172 1261 10
194 1199 326 1278 periurio
359 1198 452 1261 talem
485 1198 594 1261 habuit
616 1199 734 1262 exitum
760 1199 851 1259 ritae.
907 1197 946 1259 In
972 1218 1033 1278 quo
1059 1205 1173 1278 quante

193 1283 1014 1364 omniumfueritopinioaorum,quipostAlexandrum
1023 1283 1175 1364 Magnum

191 1389 281 1450 reges
292 1375 362 1433 sunt
373 1369 527 1450 appellati,
544 1389 585 1433 ex
596 1371 654 1430 hoc
663 1369 810 1433 facillime
823 1375 925 1450 potest
938 1369 1076 1444 iudicari,
1093 1372 1175 1451 qnod

190 1475 280 1519 namo
301 1456 439 1519 Eumene
460 1456 533 1516 rivo
556 1475 613 1517 rex
634 1457 805 1537 appellatus
821 1460 887 1530 est,
910 1456 965 1520 sed
988 1457 1172 1535 praelectus,

192 1543 293 1605 eidem
306 1548 376 1623 post
389 1542 478 1605 huius
490 1559 631 1605 occasum
641 1542 745 1605 statim
758 1542 880 1620 regium
895 1544 1035 1609 emaum
1050 1561 1175 1609 nomen-

123 1621 171 1691 lb
193 1649 252 1708 que
263 1633 576 1708 sumpserunt,.neque
589 1628 669 1710 quod
680 1628 766 1692 initio
778 1627 1175 1708 praedicarantseAlenan-

190 1715 239 1775 dri
252 1714 358 1776 liberis
372 1733 503 1792 regnum
518 1733 650 1788 servare,
671 1719 828 1794 praestare
842 1715 1018 1788 voluerunt,
1042 1715 1099 1777 sed
1114 1735 1173 1779 uno

190 1803 417 1881 propugnatore
432 1799 552 1863 sublato
568 1799 641 1878 quid
662 1800 810 1862 sentirent
831 1805 1024 1880 aperuerunt.
1070 1800 1173 1881 Huius

191 1885 316 1947 sceleris
336 1886 489 1966 principes
503 1885 626 1947 fuerunt
640 1885 828 1965 Antigonus,
849 1885 1051 1962 Ptolemaeus,
1068 1885 1173 1949 Seleu·

192 1991 254 2046 cus,
272 1972 481 2054 Lysimachus,
505 1968 702 2034 Cassandrus.
748 1970 921 2051 Antigonus
941 1976 1046 2038 summ
1059 1970 1173 2038 Eume

120 2049 169 2119 flC
191 2077 262 2122 nem
295 2065 450 2122 mortuum
483 2057 661 2138 propinquis
696 2057 762 2118 eins
796 2058 1006 2138 sepeliendum
1034 2059 1170 2124 tradidit

190 2143 234 2205 Hi
258 2144 383 2207 militari
409 2145 594 2223 honesteque
626 2144 732 2205 funere
761 2144 924 2207 comitante
946 2150 1010 2209 toto
1030 2146 1170 2210 exercitu

190 2231 395 2294 humaverunt
414 2248 543 2307 ossaque
563 2230 595 2293 in
617 2228 840 2311 Cappadociam
862 2231 901 2293 ad
923 2234 1051 2294 matrem
1075 2236 1170 2310 atque

190 2334 319 2376 uxorem
334 2316 506 2394 liberosque
521 2315 708 2395 deportanda
723 2319 875 2378 curarunt.

580 2590 783 2600 Ἠ

510 2808 601 2892 ΧΧ.
628 2810 849 2893 Datames.

143 2998 169 3063 ,Ἰ
191 2985 352 3076 Dirsnss,
372 3003 460 3080 patre
475 2999 630 3061 Camisare
651 3000 774 3061 natione
788 2998 882 3077 Care,
901 3007 998 3062 matre
1013 2999 1173 3082 Scythissa

188 3089 288 3159 natus,
305 3088 437 3166 primum
451 3087 482 3147 in
503 3086 634 3147 militum
657 3106 781 3147 numero
796 3087 855 3146 suit
868 3087 950 3167 apud
965 3086 1175 3149 Artaxerxem

190 3190 303 3244 eorum,
320 3173 372 3251 qui
387 3173 505 3251 regiam
519 3172 691 3233 tuebantur.
715 3171 808 3232 Pater
822 3173 888 3233 eius
904 3170 1076 3235 Camisares
1092 3174 1174 3253 quod

190 3262 222 3319 et
236 3277 329 3319 manu
343 3259 431 3320 fortis
446 3261 477 3317 et
491 3258 572 3318 bello
587 3261 728 3319 strenuus
749 3263 780 3318 et
800 3259 866 3337 regi
887 3260 993 3320 multis
1008 3259 1084 3320 locis
1100 3260 1173 3321 fide·

138 3340 167 3405 ἶ)
190 3344 229 3404 lis
246 3353 313 3406 erat
326 3346 474 3424 repertus,
490 3344 595 3404 habuit
609 3344 798 3423 provinciam
811 3349 931 3426 partem
943 3342 1068 3406 Ciliciae
1083 3346 1174 3407 iuxta

190 3427 422 3512 Cappadociam,
439 3449 530 3510 quam
542 3431 678 3491 incolunt
688 3429 862 3511 Leucosyri.
886 3431 1033 3492 Datames
1045 3431 1174 3493 militari

188 3537 314 3579 munere
325 3518 455 3598 fungens
466 3519 599 3597 primum
610 3516 708 3595 qualis
720 3520 801 3579 esset
816 3518 935 3597 aperuit
945 3518 977 3578 in
988 3518 1079 3592 bello,
1090 3517 1174 3597 quod

187 3621 247 3665 rex
257 3603 407 3664 adversus
419 3600 565 3664 Cadusios
580 3603 684 3680 gessit.
708 3601 848 3681 Namque
863 3604 912 3664 hic
926 3604 1031 3669 multis
1046 3605 1174 3665 milibus
