2504 4080
211 244 256 310 58
549 244 591 305 X.
614 241 857 306 lassulus

213 416 273 479 etsi
294 415 444 476 sentiebat
463 415 557 490 Laco,
580 418 682 476 umen
704 413 914 476 iusiurandum
928 413 1080 475 servabat.
1127 414 1195 476 Iam

214 521 283 563 cum
293 500 369 561 satis
380 501 536 580 copiarum
545 501 674 575 adesset,
690 500 910 580 Tissaphernes
920 498 1070 578 Agesilao
1080 499 1196 561 deuou-

214 587 312 661 tiavit,
328 588 363 647 ut
377 585 453 647 Asia
467 587 601 659 eederet;
618 587 700 666 quod
720 586 781 646 nisi
794 587 924 659 faceret,
940 604 975 644 se
997 585 1115 646 bellum
1130 586 1195 646 illa·

213 677 324 735 turum.
367 671 470 752 Atque
485 691 554 733 eum
568 672 662 733 ceteri
676 672 709 732 id
723 671 893 750 aegerrime
913 670 1044 745 ferrent,
1066 671 1197 732 minores

165 756 191 823 5
214 759 523 821 Lacedaemoniorum
537 758 640 837 copias
654 777 723 818 esse
736 756 797 817 rati
818 774 892 836 prae
912 756 1109 818 multitudine
1123 756 1195 817 Per·

213 865 331 920 sarum,
365 844 533 924 Agesilaus
558 843 648 903 hilari
673 843 761 903 vultu
791 841 988 921 Tissapherni
1023 842 1192 905 renuntiari

214 932 303 993 iussit
323 951 356 991 se
376 931 543 991 maximam
557 929 690 1007 gratiam
704 928 751 988 illi
766 928 889 1001 habere,
912 927 964 1006 qui
984 927 1120 1007 periurio
1140 948 1193 989 suo

215 1019 288 1079 deos
302 1016 362 1076 sibi
376 1017 478 1089 iratos,
496 1011 622 1075 Graecis
641 1025 742 1075 autem
755 1013 869 1074 amicos
884 1012 1118 1074 conciliavisset.

141 1103 193 1164 IV
300 1101 466 1179 Postquam
486 1097 672 1161 indutiarum
691 1099 850 1180 praeteriit
870 1098 950 1173 dies,
972 1098 1123 1160 barbarus
1138 1118 1195 1160 non

151 1186 192 1250 10
215 1188 365 1260 dubitans,
381 1187 461 1264 quod
475 1186 571 1264 ipsius
587 1192 673 1247 erant
687 1185 820 1265 plurima
840 1183 993 1246 domicilia
1012 1185 1045 1245 in
1061 1180 1153 1248 Caria
1166 1192 1196 1245 et

214 1293 250 1333 ea
264 1272 350 1349 regio
367 1272 467 1333 minus
483 1274 555 1350 apta
570 1276 636 1333 erat
650 1272 690 1333 ad
704 1290 823 1351 pugnas
839 1272 1010 1350 equestres,
1033 1290 1095 1349 qua
1108 1278 1194 1351 parte

214 1358 346 1426 militum
366 1356 531 1437 Agesilaus
550 1357 721 1431 laborabat,
749 1376 783 1418 eo
806 1355 997 1436 potissimum
1017 1356 1121 1417 hostes
1142 1357 1196 1417 im·

214 1452 318 1525 petum
340 1445 486 1519 facturos,
510 1461 581 1504 suas
605 1442 706 1524 copias
731 1462 835 1503 omnes
857 1441 930 1501 illuc
944 1441 1107 1502 contraxit.
1153 1443 1196 1502 At

216 1530 379 1611 Agesilaus
394 1530 426 1591 in
437 1528 606 1609 Phrygiam
622 1549 654 1589 se
666 1527 817 1588 convertit
828 1546 955 1606 eamque
966 1527 1051 1606 prius
1063 1527 1195 1608 depopu-

150 1611 193 1675 15
214 1618 296 1678 latus
310 1620 366 1688 est,
381 1635 472 1694 quam
483 1614 702 1693 Tissaphernes
717 1633 845 1694 usquam
859 1633 892 1673 se
907 1615 1051 1673 moveret.
1082 1614 1197 1693 Magna

215 1701 329 1781 praeda
348 1699 540 1780 locupletatis
566 1699 714 1760 militibus
735 1698 891 1779 Ephesum
917 1698 1083 1760 hiematum
1109 1718 1195 1759 exer-

174 1858 177 1864 ¹
216 1787 310 1846 citum
323 1784 447 1845 reduxit
461 1788 552 1863 atque
566 1785 610 1844 ibi
621 1785 750 1845 officinis
762 1804 914 1846 armorum
925 1783 1073 1845 institutis
1085 1803 1197 1864 magna
1217 1783 1220 1795 '

215 1871 367 1932 industria
382 1871 497 1930 bellum
513 1871 681 1951 apparavit.
724 1868 767 1930 Et
786 1890 846 1950 quo
861 1870 1028 1932 studiosius
1042 1889 1195 1932 armaren-

216 1960 267 2019 tur
288 1956 498 2036 insigniusque
517 1964 714 2031 oruerentur,
739 1957 874 2036 praemia
895 1956 1064 2036 proposuit,
1087 1957 1196 2036 quibus

149 2036 195 2102 20
217 2043 413 2118 donarentur,
437 2061 565 2122 quorum
586 2041 713 2122 egregia
733 2043 765 2103 iu
790 2062 827 2102 ea
852 2061 888 2101 rc
906 2042 1015 2102 fuisset
1035 2041 1194 2103 industria

216 2129 304 2191 Fecit
323 2130 405 2190 idem
429 2129 462 2188 in
483 2128 736 2190 exercitationum
756 2128 933 2206 generibus,
957 2129 992 2187 ut
1013 2125 1065 2205 qui
1086 2127 1197 2188 ceteris

216 2215 449 2296 praestitissent,
465 2233 516 2274 eos
531 2214 651 2293 magnis
667 2213 802 2274 afficeret
817 2212 1000 2273 muneribus.
1024 2209 1083 2271 His
1099 2212 1197 2291 igitur

216 2300 308 2360 rebus
334 2298 446 2374 effecit,
478 2304 513 2360 ut
544 2303 576 2360 et
601 2299 827 2360 ornatissimum
853 2300 885 2359 et
909 2297 1196 2359 exercitatissimum

217 2385 344 2446 haberet
357 2383 535 2446 exercitum.
566 2384 649 2445 Huic
664 2404 733 2445 cum
747 2388 867 2464 tempus
882 2386 963 2444 esset
977 2383 1079 2443 visum
1094 2384 1198 2463 copias

150 2465 196 2532 25
218 2469 380 2531 extrahere
396 2488 436 2529 ex
450 2469 600 2544 hibernis,
622 2470 716 2546 vidit,
737 2470 778 2546 si,
801 2489 858 2548 quo
881 2469 939 2530 iter
954 2469 1091 2529 facturus
1104 2472 1195 2543 esset,

216 2556 320 2638 palam
344 2555 616 2636 pronuntiavisset,
646 2557 749 2618 hostes
777 2575 837 2616 non
862 2555 1032 2616 credituros
1059 2554 1197 2634 aliasque

216 2642 358 2722 regiones
373 2639 533 2722 praesidiis
554 2645 753 2723 occupaturos
773 2660 871 2720 neque
895 2640 1101 2725 dubitaturos,
1125 2640 1198 2719 quin

218 2729 303 2791 aliud
325 2728 461 2790 facturus
486 2731 569 2789 esset
590 2746 625 2789 ac
648 2727 879 2809 pronuntiasset.
924 2727 1033 2806 Itaque
1055 2745 1125 2787 eum
1144 2726 1198 2786 ille

218 2813 330 2877 Sardes
344 2834 377 2874 se
392 2814 507 2875 iturum
528 2814 672 2890 dixisset,
693 2813 913 2893 Tissaphernes
931 2813 1060 2873 eandem
1075 2806 1199 2873 Cariam

149 2892 197 2957 30
219 2899 439 2961 defendendam
453 2900 582 2980 putavit.
626 2899 664 2961 Iu
679 2919 737 2978 quo
753 2917 822 2959 cum
837 2897 938 2979 opinio
953 2917 1024 2958 eum
1038 2897 1199 2958 fefellisset

219 2984 394 3063 rictumque
416 3005 450 3044 se
470 2985 598 3045 vidisset
619 2984 761 3059 consilio,
788 3003 855 3044 sero
875 2984 939 3044 suis
958 2983 1110 3064 praesidio
1130 3002 1199 3063 pro·

219 3069 317 3128 fectus
332 3074 387 3128 est.
430 3069 594 3131 Nemeum
608 3089 644 3131 eo
659 3069 808 3143 venisset,
832 3069 997 3148 Agesilaus
1018 3069 1124 3129 multis
1137 3069 1200 3128 iam

219 3152 294 3215 locis
319 3155 504 3233 expugnatis
530 3174 642 3232 magna
672 3154 786 3234 praeda
819 3156 934 3235 potitus
965 3158 1040 3216 erat
1096 3151 1200 3233 Atque

219 3239 438 3319 Tissaphernes
469 3239 522 3299 ubi
544 3239 682 3315 advenit,
715 3239 822 3300 statim
841 3241 959 3320 equites
980 3241 1012 3300 in
1044 3239 1200 3320 dispersos

152 3318 197 3385 35
219 3324 347 3388 immisit
367 3324 541 3404 multosque
561 3325 679 3386 cecidit.
723 3326 889 3406 Agesilaus
910 3329 1028 3401 autem,
1045 3328 1200 3406 comperto

219 3411 322 3492 copias
335 3410 500 3472 Persarum
513 3410 670 3490 pedestres
685 3413 819 3473 nondum
833 3413 949 3488 adesse,
969 3411 1123 3490 equitibus
1136 3411 1201 3471 suis

219 3498 477 3559 levisarmaturae
485 3496 599 3557 milites
609 3497 775 3558 immiscuit
783 3501 814 3559 et
822 3498 990 3577 equitatum
1000 3497 1202 3558 barbarorum

220 3601 387 3663 aggressus
400 3582 518 3665 pepulit
533 3582 701 3663 castrisque
715 3584 809 3646 exuit.
840 3583 927 3645 Haec
940 3602 1046 3663 pugna
1057 3583 1141 3645 facte
1154 3584 1204 3644 est
