2542 4088
201 228 266 297 134
598 228 782 293 ATTICUS.

199 400 449 463 tiamatl'ectabat.
473 398 619 481 Supellex
625 402 752 476 modica,
764 420 825 463 non
835 400 940 476 multa,
951 401 986 461 11
997 400 1028 461 11
1038 404 1187 465 neumam

200 490 318 568 partem
333 486 465 566 conspici
479 492 591 567 posset.
635 488 700 549 Nec
715 486 895 567 praeteribo,
910 505 1093 566 quamquam
1107 509 1186 551 non·

201 572 295 633 nullis
309 572 379 631 lere
401 573 502 632 111111
521 573 560 633 111
581 577 698 654 putem:
721 591 789 633 oum
810 573 842 633 in
861 573 967 652 primis
983 573 1085 635 lautus
1100 579 1187 637 esset

202 677 295 737 eques
315 657 470 719 Romanus
495 662 526 719 11
546 678 606 719 111
628 678 736 739 parum
756 659 925 719 liberaliter
947 660 1070 719 domum
1092 680 1184 723 suam

157 741 181 805 5
202 744 336 804 omnium
351 744 490 804 ordinum
504 745 641 805 homines
656 746 814 819 invitaret,
837 744 954 806 seilicet
974 764 1035 807 non
1049 747 1183 827 amplius

202 849 292 908 quam
308 840 394 890 terna
415 830 499 891 milia
515 831 625 910 [aeris]
642 851 792 910 peraeque
805 831 837 891 in
852 831 988 910 singulos
1004 851 1126 892 menses
1142 853 1183 894 ex

201 916 395 996 ephemeride
410 936 479 976 eum
494 936 662 996 expensum
678 917 812 996 sumptui
827 917 907 976 serre
921 917 1051 980 solitum.
1074 917 1182 997 Atque

200 1002 257 1062 hoc
271 1008 330 1062 no'n
346 1002 483 1062 auditum
498 1003 552 1062 sed
567 1003 722 1080 cognitum
745 1003 968 1082 praedicamus:
990 1022 1081 1082 saepe
1095 1005 1183 1066 enim

200 1096 324 1167 propter
339 1088 576 1148 familiaritatem
592 1089 764 1149 domesticis
778 1089 868 1149 rebus
882 1087 1083 1148 interfuimus

137 1169 271 1233 111111
285 1173 381 1233 Nemo
404 1174 435 1232 in
458 1174 597 1234 convivio
621 1174 686 1233 11111
702 1174 783 1234 aliud
800 1192 940 1235 acroama
953 1172 1074 1235 audivit
1088 1194 1183 1255 quam

202 1266 402 1336 anagnosten:
418 1259 496 1337 quod
511 1279 566 1319 nos
581 1260 702 1338 quidem
717 1260 968 1320 iucundissimum
980 1260 1182 1323 arbitramur:

201 1363 299 1422 neque
319 1363 462 1423 umquam
484 1344 548 1405 sine
571 1346 674 1425 aliqua
694 1346 823 1406 lectione
839 1346 919 1426 apud
934 1365 1003 1405 eum
1019 1350 1182 1407 coenatum

202 1442 263 1504 est,
287 1442 321 1489 11
341 1450 401 1490 111
423 1431 523 1491 minus
544 1431 644 1492 animo
659 1450 749 1511 quam
764 1435 871 1492 111111
885 1432 1032 1492 convivae
1046 1432 1182 1495 delecta-

201 1518 314 1576 rentur.
357 1515 497 1595 Namque
512 1536 563 1576 eos
579 1517 719 1591 vocabat,
743 1536 870 1595 quorum
892 1537 991 1578 mores
1006 1536 1024 1577 a
1039 1519 1103 1577 suis
1119 1539 1182 1580 non

137 1596 179 1661 15
201 1603 406 1662 abhorrerent.
453 1600 528 1662 Cum
555 1606 640 1664 tanta
665 1603 809 1682 pecuniae
834 1605 915 1664 sacta
934 1605 1181 1679 1111111111111,

199 1688 276 1747 nihil
291 1688 329 1747 de
344 1688 517 1765 quotidiano
533 1689 616 1749 cultu
631 1688 769 1763 11111111,
785 1689 861 1749 nihil
873 1688 1004 1750 davitae
1019 1696 1182 1750 consuetu-

200 1773 279 1848 dine,
294 1776 437 1851 tantaquo
452 1794 524 1833 usus
540 1780 587 1834 est
601 1774 815 1849 moderatione,
831 1778 866 1834 11
879 1795 977 1853 neque
991 1776 1023 1835 in
1037 1776 1183 1837 sestertio

199 1859 304 1932 111111,
320 1861 400 1938 quod
416 1879 434 1920 a
448 1864 534 1939 patre
549 1868 714 1940 acceperat,
731 1879 838 1939 parum
853 1879 887 1920 se
901 1860 1061 1941 splendide
1075 1880 1182 1939 gesse-

199 1946 356 2023 ritusque
378 1946 409 2005 11
432 1947 572 2006 sestertio
600 1946 712 2006 centies
739 1946 910 2006 affluentius
934 1946 1061 2019 vixerit,
1089 1966 1182 2025 quam

132 2023 178 2090 20
200 2031 386 2106 instituerat,
409 2032 534 2110 parique
555 2032 677 2111 fastigio
700 2032 820 2091 steterit
842 2033 873 2092 in
895 2040 1023 2112 utraque
1048 2033 1181 2094 fortuna.

199 2117 308 2178 Nullos
322 2117 428 2176 habuit
442 2118 554 2191 hortos,
570 2118 685 2178 nullam
700 2118 905 2177 suburbanam
925 2123 977 2177 aut
992 2117 1179 2178 maritimam

199 2208 407 2281 smmptuosam
421 2203 538 2277 villam,
554 2223 650 2281 neque
665 2203 696 2262 in
711 2202 803 2264 Italia
818 2206 938 2283 praeter
952 2201 1131 2263 Arretinum
1146 2206 1180 2263 et

198 2287 229 2349 N
230 2292 423 2348 omentanum
434 2289 581 2349 rusticum
596 2290 762 2368 praedium,
779 2289 936 2367 omnisque
951 2289 1016 2349 eius
1031 2288 1181 2369 pecuniae

199 2373 315 2433 reditus
332 2375 489 2435 constabat
508 2375 540 2434 11
555 2373 718 2454 Epiroticis
740 2379 772 2435 et
786 2375 910 2435 urbanis
925 2374 1179 2454 possessionibus.

135 2450 179 2518 25
201 2458 251 2520 Ex
272 2479 330 2537 quo
361 2460 502 2537 cognosci
525 2466 626 2539 potest
652 2481 741 2520 usum
764 2480 834 2521 eum
855 2461 1002 2541 pecuniae
1027 2480 1088 2522 non
1112 2460 1183 2521 eius

71 2538 74 2544 ’
201 2545 419 2623 magnitudine,
436 2546 490 2606 sed
504 2546 621 2607 ratione
636 2547 737 2607 metiri
752 2547 883 2606 solitum.

112 2624 179 2689 XV
284 2631 478 2691 Mendacium
498 2651 594 2711 neque
616 2632 736 2694 dicebat
751 2651 848 2711 neque
863 2630 927 2712 pati
942 2634 1071 2711 poterat.
1111 2631 1180 2691 Ita-

201 2737 259 2796 que
274 2719 338 2778 eius
353 2718 478 2779 comitas
497 2738 559 2778 non
580 2717 646 2778 sine
669 2717 833 2778 severitate
847 2719 914 2779 erat
929 2737 1027 2796 neque
1040 2715 1183 2796 gravitas

200 2804 265 2863 sine
274 2804 432 2877 facilitate,
443 2808 479 2864 ut
489 2804 613 2865 difficile
624 2808 706 2864 esset
714 2804 880 2878 intellectu,
893 2807 996 2864 utrum
1008 2822 1077 2864 1111
1088 2802 1185 2864 amici

135 2878 180 2946 ³0
201 2890 301 2969 magis
315 2893 494 2950 vererentur
509 2908 548 2950 an
566 2893 711 2953 amarent.
749 2888 906 2968 Quidquid
920 2889 1095 2968 rogabatur,
1109 2889 1186 2949 reli·

200 2974 286 3051 giose
301 2975 504 3053 promittebat,
521 2977 601 3055 quod
616 2995 675 3036 non
689 2975 835 3050 liberalis,
850 2975 905 3036 sed
919 2975 998 3036 11111
1012 2975 1184 3037 arbitraba-

199 3062 251 3120 tur
265 3060 403 3139 polliceri
416 3062 497 3140 quod
511 3066 665 3141 praestare
679 3081 739 3122 non
754 3064 864 3140 posset.
895 3060 983 3121 Idem
1003 3061 1035 3121 in
1056 3061 1183 3143 tuendo,

201 3146 281 3224 quod
297 3145 392 3204 semel
407 3148 577 3221 annuisset,
593 3152 679 3208 tanta
694 3152 761 3207 erat
775 3165 856 3221 cura,
873 3150 983 3207 utnon
995 3147 1184 3222 mandatam,

200 3230 255 3291 sed
270 3249 357 3292 suam
369 3249 436 3291 rem
450 3231 607 3292 videretur
620 3250 722 3310 agere.
752 3231 926 3312 Numquam
940 3231 1075 3312 suscepti
1089 3250 1187 3315 nego·

132 3306 180 3374 35
200 3317 237 3377 tii
252 3337 321 3377 eum
335 3319 509 3398 pertaesum
523 3321 580 3382 est.
623 3316 716 3379 Suam
730 3317 812 3379 enim
827 3317 1084 3379 existimationem
1098 3318 1187 3381 inea

198 3422 234 3464 11
249 3405 300 3482 agi
315 3404 450 3484 putabat.
484 3402 554 3473 Qua
568 3403 644 3464 nihil
659 3404 790 3465 habebat
804 3403 912 3465 carius.
947 3402 1016 3472 Quo
1029 3402 1134 3479 fiebat,
1149 3406 1189 3466 ut

201 3489 303 3549 omnia
318 3487 512 3566 Ciceronum,
536 3485 673 3565 Catonis,
701 3490 739 3559 Q.
755 3486 923 3565 Hortensii,
937 3487 1009 3550 Auli
1025 3488 1190 3568 Torquati,

199 3574 365 3636 multorum
386 3581 545 3657 praeterea
565 3575 702 3655 equitum
715 3574 923 3637 Romanorum
937 3573 1060 3653 negotia
1073 3594 1191 3654 procu-
