2504 4080
455 248 558 311 XVll.
581 246 694 314 morl.
1021 248 1062 313 91

77 426 145 498 tur,
160 422 249 483 aucta
262 424 317 483 est.
362 419 424 483 Sed
437 424 540 484 tamen
554 421 661 502 primis
674 423 862 504 temporibus
877 423 1064 502 aliquamdiu

82 508 227 571 simulata
254 507 334 569 inter
362 527 415 570 eos
448 508 583 570 amicitia
610 509 729 570 mansit
788 505 866 573 cnm
894 508 975 570 Ilion
1003 528 1064 570 non

75 594 246 657 desisteret
277 594 436 656 obsecrare
460 593 657 677 Dionysium,
686 598 722 655 ut
745 594 905 656 Platonem
934 592 1064 656 Athenis

74 681 254 742 accerseret
266 683 299 740 et
313 680 379 740 eius
394 680 528 742 consiliis
543 684 689 755 uteretur,
710 680 779 757 ille,
801 681 853 759 qui
867 681 900 741 in
913 680 1017 760 aliqua
1029 700 1064 742 re

83 765 183 827 vellet
196 769 311 845 patrem
325 765 453 841 imitari,
474 786 591 828 morem
604 766 633 826 ei
648 766 753 846 gessit.
797 765 973 845 Eodemque
988 770 1063 827 tem·
1084 764 1107 829 5

84 870 160 933 pore
174 848 337 912 Philistum
358 851 536 913 historicum
559 849 727 933 Syracusas
748 852 886 928 reduxit,
911 851 1063 914 hominem

74 936 216 999 ,amioum
230 956 290 998 uon
305 938 404 1016 magis
419 938 558 1019 tyrannis
570 957 659 1018 quam
671 938 835 1018 tyrannidi.
857 937 947 999 Plato
961 940 1064 998 autem

79 1027 202 1086 ancum
231 1022 312 1102 apud
340 1023 525 1105 Dionysium
559 1024 740 1086 auctoritate
774 1024 873 1105 potuit
905 1023 1063 1102 valuitque

78 1108 264 1188 eloquentia,
279 1114 314 1169 ut
328 1109 356 1170 ei
370 1110 580 1190 persuaderet,
604 1114 638 1172 ut
657 1111 829 1191 tyrannidis
843 1110 958 1172 faceret
971 1109 1063 1170 finem

79 1195 316 1274 libertatemque
344 1197 486 1257 redderet
515 1194 729 1277 Syracusanis:
764 1218 783 1259 a
817 1216 877 1277 que
905 1196 1062 1258 voluntate
1086 1193 1129 1258 10

81 1280 205 1341 Philisti
219 1280 344 1342 oonsilio
360 1282 532 1357 deterritus,
546 1283 700 1362 aliquanto
712 1283 863 1343 crudelior
874 1302 941 1343 esse
954 1283 1060 1363 coepit.

82 1365 173 1428 Plato
186 1385 260 1429 vero
275 1367 366 1447 paulo
389 1371 458 1450 post
478 1388 497 1429 a
516 1374 646 1449 tyranno
667 1369 805 1448 graviter
820 1373 951 1429 vexatus
965 1365 1061 1429 Athe·
1152 1386 1155 1391 ·

82 1470 139 1513 nes
153 1452 251 1513 rediit.

166 1537 215 1598 ho
243 1537 409 1620 Dionysius
439 1539 562 1618 quidem
591 1558 660 1599 oum
689 1558 708 1599 a
736 1539 834 1599 Dione
862 1558 896 1598 se
924 1538 1062 1617 superari
1084 1536 1132 1598 IV

77 1623 200 1685 rideret
213 1623 345 1703 ingenio,
360 1625 554 1698 auctoritate,
570 1643 672 1686 amore
694 1625 813 1704 populi,
834 1643 944 1685 verens
959 1643 1012 1698 nc,
1034 1624 1061 1684 si
1085 1621 1126 1684 15

75 1730 152 1771 eum
166 1729 270 1770 secum
283 1711 421 1785 haberet,
445 1711 578 1790 aliquam
593 1711 781 1772 occasionem
796 1710 843 1771 sui
859 1712 947 1772 daret
961 1709 1061 1791 oppri-

77 1796 193 1872 mendi,
206 1797 347 1857 navicula
358 1817 427 1857 eum
442 1797 474 1857 in
485 1797 608 1858 Italiam
618 1797 809 1858 evehendum
820 1797 947 1871 curavit,
963 1802 1062 1858 osten-

73 1883 159 1942 dens
173 1899 207 1942 se
219 1882 250 1942 id
263 1883 421 1961 utriusque
435 1883 536 1946 facere
552 1901 652 1959 causa,
672 1904 724 1958 ne,
749 1902 817 1943 cum
832 1884 912 1944 inter
926 1902 959 1942 se
974 1883 1060 1942 time·

79 1970 166 2041 rent,
191 1967 337 2028 alteruter
357 1970 488 2029 alterum
508 1973 751 2050 praeoccuparet.
795 1969 834 2029 Id
856 1986 926 2028 oum
946 1969 1061 2027 factum

80 2051 172 2113 multi
193 2052 425 2133 indignarentur
449 2074 638 2134 magnaeque
664 2060 745 2119 esset
762 2055 896 2114 invidiae
919 2056 1059 2133 tyranno,
1081 2048 1126 2113 20

79 2137 246 2218 Dionysius
268 2141 368 2201 omnia
389 2160 465 2220 quae
487 2143 603 2202 moveri
626 2144 766 2221 poterant
786 2140 891 2200 Dionis
913 2141 945 2200 in
965 2157 1061 2199 naves

74 2224 224 2305 imposuit
237 2225 276 2285 ad
291 2245 419 2306 eumque
434 2227 525 2287 misit.
571 2227 622 2288 Sic
636 2228 717 2287 enim
739 2226 908 2287 existimari
923 2225 1061 2286 volebat:

77 2311 113 2370 id
137 2330 171 2370 se
191 2330 252 2372 non
277 2312 345 2372 odio
371 2312 501 2373 hominis
527 2314 581 2373 sed
606 2332 680 2374 suae
701 2313 808 2373 salutis
830 2312 938 2372 iecisse
960 2329 1059 2372 causa.

78 2396 192 2457 Postea
214 2416 287 2459 vero
311 2417 401 2477 quam
425 2399 545 2459 audivit
566 2419 635 2459 eum
657 2401 688 2459 in
703 2398 913 2478 Peloponneso
935 2416 1060 2458 manum

54 2522 57 2527 -
79 2500 256 2562 comparare
271 2483 388 2562 sibique
404 2484 518 2545 bellum
540 2485 640 2546 facere
662 2485 778 2561 conari,
799 2483 930 2558 Areten,
953 2483 1060 2544 Dionis
1082 2476 1125 2541 25

77 2587 219 2643 uxorem,
248 2569 300 2629 alii
325 2573 454 2651 nuptum
475 2570 573 2646 dedit,
599 2571 754 2650 filiumque
777 2571 841 2630 eius
868 2570 911 2630 sic
937 2568 1060 2629 educari

76 2653 175 2728 iussit,
191 2658 226 2714 ut
239 2654 426 2734 indulgendo
439 2656 624 2735 turpissimis
635 2657 821 2717 imbueretur
833 2655 1057 2734 cupiditatibus.

74 2738 158 2800 Nam
173 2759 258 2821 puer,
273 2742 449 2821 priusquam
464 2742 560 2822 pubes
576 2745 670 2817 esset,
692 2743 764 2802 vino
780 2741 937 2821 epulisque
952 2740 1059 2799 obrue-

77 2825 183 2900 batur,
217 2847 315 2906 neque
340 2829 438 2888 ullum
465 2834 585 2908 tempus
611 2828 711 2888 sobrio
744 2826 979 2904 relinquebatur.
1024 2825 1059 2886 Is

76 2930 174 2990 usque
199 2932 235 2974 eo
261 2913 343 2974 vitae
369 2918 483 2975 statum
509 2917 725 2975 commutatum
757 2914 838 2972 ferre
863 2931 923 2971 non
949 2911 1057 2992 potuit,
1080 2905 1124 2971 30

76 3002 240 3077 postquam
256 3000 287 3059 in
302 3001 433 3080 patriam
447 3000 539 3061 rediit
559 3003 645 3080 pater
667 2996 812 3083 (nemque
827 2998 958 3078 appositi
973 3000 1061 3059 erant

74 3085 234 3159 custodes,
258 3086 309 3164 qui
326 3106 396 3145 eum
419 3105 437 3146 a
458 3087 585 3166 pristino
600 3086 686 3146 victu
700 3081 908 3168 deducerent),
923 3089 959 3145 ut
972 3104 1006 3144 se
1021 3085 1060 3144 de

74 3170 233 3249 superiore
248 3176 335 3250 parte
349 3172 470 3232 aedium
485 3173 626 3247 deiceret,
643 3175 734 3252 atque
748 3171 791 3232 ita
806 3171 953 3232 interiret.
998 3168 1059 3230 Sed

74 3254 151 3315 illuc
165 3260 311 3318 revertor.

119 3340 286 3422 Postquam
310 3339 488 3404 Corinthum
511 3343 651 3424 pervenit
666 3342 745 3403 Dion
768 3346 799 3403 ct
821 3345 928 3404 eodem
948 3360 1015 3420 per·
1036 3339 1065 3399 V
1080 3333 1124 3398 35

74 3426 157 3506 sugit
170 3428 365 3503 Heraclides,
389 3428 427 3488 ab
442 3430 549 3490 eodem
563 3430 710 3509 expulsus
725 3429 883 3508 Dionysio,
906 3428 957 3507 qui
972 3444 1058 3505 prae-

74 3512 175 3574 fectus
197 3515 298 3577 iuerat
320 3515 471 3594 equitum,
500 3515 583 3575 omni
603 3515 721 3576 ratione
743 3515 858 3575 bellum
883 3530 1059 3591 comparare

71 3604 250 3679 coeperunt.
294 3599 356 3662 Sed
377 3620 438 3662 non
460 3601 590 3661 multum
613 3601 825 3681 proficiebant,
848 3598 927 3678 quod
949 3596 1060 3660 multo-
