2504 4080
183 268 245 332 132
572 265 757 332 ATTIOUS.

182 463 241 523 que
264 442 412 522 gravibus
438 441 581 522 procellis
607 440 746 501 civilibus
772 442 811 503 ad
833 441 1079 504 incolumitatem
1099 464 1172 524 per-

182 528 324 589 venerit?

110 612 163 675 XI
268 613 388 683 Quibus
399 634 439 675 ex
450 612 537 674 malis
552 615 587 672 ut
601 630 633 670 se
648 611 780 688 emersit,
794 612 870 673 nihil
881 613 964 673 aliud
979 614 1054 693 egit,
1072 635 1169 695 quam

181 703 216 760 ut
230 699 370 781 plurimis
385 700 493 779 quibus
508 698 599 758 rebus
615 700 718 777 posset
733 701 814 759 esset
828 699 952 759 auxilio.
1000 697 1082 760 Cum
1097 722 1169 781 pro·

138 780 160 844 5
182 787 311 866 scriptos
326 786 469 867 praemiis
483 784 700 864 imperatorum
714 784 827 864 vulgus
843 786 1050 864 conquireret,
1077 808 1168 851 nemo

181 873 214 933 in
228 872 357 954 Epirum
371 873 465 947 uenit,
482 871 530 931 cui
545 889 594 930 res
605 869 670 930 ulla
680 869 819 947 defuerit,
834 871 947 931 nemini
961 891 1022 932 non
1038 872 1084 932 ibi
1098 894 1170 954 per-

181 961 273 1041 petuo
288 958 430 1019 manendi
446 959 579 1038 potestas
594 955 674 1016 facta
688 958 743 1016 est.
789 957 870 1026 Quin
886 957 977 1018 etiam
993 961 1065 1037 post
1080 980 1169 1039 prce

180 1045 258 1105 lium
271 1044 467 1125 Philippense
481 1043 696 1120 interitumque
709 1038 745 1102 G.
760 1038 858 1103 Cassii
870 1052 900 1103 et
910 1041 952 1104 M.
964 1042 1056 1104 Bruti
1068 1044 1103 1104 L.
1118 1047 1170 1106 Iu-

181 1129 257 1190 lium
271 1129 427 1189 Mocillam
442 1128 627 1208 praetorium
649 1130 681 1187 et
701 1126 798 1188 filium
821 1128 885 1188 eius
900 1128 1079 1208 Aulumque
1094 1131 1169 1192 Tor-

119 1210 161 1272 10
183 1217 307 1293 quatum
329 1218 504 1293 ceterosque
526 1213 592 1293 pari
614 1215 735 1274 fortuna
755 1213 910 1294 perculsos
931 1215 1067 1276 instituit
1087 1218 1170 1277 tueri

182 1304 273 1379 atque
288 1320 328 1360 ex
339 1300 432 1381 Epiro
448 1300 495 1360 his
510 1299 611 1360 omnia
626 1297 862 1361 Samothraciam
877 1302 1051 1379 supportari
1067 1302 1169 1364 iussit.

182 1385 315 1447 Difficile
338 1390 385 1447 est
406 1386 507 1447 omnia
528 1386 684 1465 persequi,
700 1389 732 1446 et
745 1405 805 1445 uon
820 1381 1033 1446 necessarium.
1083 1388 1170 1450 Illud

183 1491 277 1532 unum
298 1472 431 1551 intelligi
454 1472 609 1545 volumus,
632 1471 714 1530 illius
736 1471 948 1532 liberalitatem
969 1492 1071 1551 neque
1094 1477 1170 1535 tem·

183 1557 334 1639 porariam
349 1579 447 1637 neque
462 1557 606 1617 callidam
616 1555 718 1616 fuisse.
742 1555 781 1615 Id
793 1578 833 1617 ex
843 1557 917 1636 ipsis
932 1558 1022 1617 rebus
1038 1579 1077 1619 ac
1092 1564 1171 1621 tem-

122 1637 163 1701 15
183 1644 308 1725 poribus
320 1644 448 1704 iudicari
458 1646 567 1723 potest,
583 1642 664 1721 quod
674 1661 734 1702 non
745 1643 921 1704 florentibus
937 1663 969 1704 se
980 1646 1169 1721 venditavit,

184 1728 239 1789 sed
250 1729 370 1790 afflictis
382 1748 502 1808 semper
513 1728 674 1788 succurrit:
691 1727 743 1807 qui
755 1729 877 1807 quidem
888 1727 1060 1805 Serviliam,
1078 1731 1171 1792 Bruti

185 1817 330 1890 matrem,
355 1836 414 1876 non
429 1815 528 1875 minus
550 1817 619 1894 post
641 1820 769 1873 mortem
791 1815 868 1890 eius,
893 1835 982 1894 quam
1006 1816 1170 1878 florentem

185 1901 320 1961 coluerit.
366 1899 415 1962 Sic
437 1900 620 1960 liberalitate
641 1903 730 1959 utens
752 1901 853 1961 nullas
868 1901 1042 1961 inimicitias
1058 1905 1168 1980 gessit,

185 1987 265 2066 quod
279 2007 376 2065 neque
390 1987 531 2047 laedebat
547 2004 728 2063 quemquam
742 2005 849 2065 neque,
874 1987 900 2046 si
915 2006 1006 2066 quam
1021 1987 1169 2049 iniuriam

119 2064 162 2129 20
185 2078 352 2153 acceperat,
368 2093 428 2133 non
443 2071 576 2133 malebat
590 2071 729 2132 oblivisci
744 2091 834 2149 quam
850 2073 964 2133 ulcisci.
1006 2073 1094 2132 Idem
1111 2075 1168 2133 im-

184 2159 304 2219 mortali
320 2160 465 2220 memoria
479 2158 785 2238 percepta'retinebat
800 2159 953 2235 beneficia,
970 2178 1045 2237 quae
1060 2162 1168 2219 autem

183 2243 249 2322 ipse
264 2245 418 2321 tribuerat,
435 2244 552 2305 tamdiu
567 2243 760 2319 meminerat,
783 2247 881 2323 quoad
897 2244 949 2304 ille
965 2248 1071 2323 gratus
1088 2248 1166 2319 crat,

184 2328 236 2407 qui
252 2334 416 2409 acceperat.
461 2332 568 2409 Itaque
584 2330 632 2388 hic
647 2330 734 2404 feeit,
756 2332 791 2389 ut
805 2350 877 2391 vere
892 2331 1008 2390 dictum
1024 2330 1168 2391 videatur

186 2413 251 2474 Sui
267 2416 405 2493 quique
421 2436 543 2477 mores
561 2414 717 2493 fingunt
732 2415 923 2477 fortunam
937 2416 1166 2477 homiuibus.

120 2495 163 2561 25
185 2499 292 2578 Neque
308 2504 409 2561 tamen
423 2502 476 2561 ille
491 2502 576 2581 prius
591 2502 742 2561 fortunam
758 2521 848 2579 quam
864 2523 896 2562 se
911 2503 977 2581 ipse
991 2502 1090 2577 finxit,
1116 2503 1167 2582 qui

186 2587 276 2663 cavit,
290 2606 329 2647 ne
345 2588 449 2667 quain
464 2608 497 2648 re
512 2589 577 2648 iure
592 2587 783 2666 plecteretur.

99 2668 165 2731 ΧΠ
263 2672 329 2749 νΗίὓ
343 2675 439 2753 igitur
452 2675 543 2735 rebus
559 2673 664 2747 effecit,
680 2676 714 2732 ut
728 2671 769 2731 M.
781 2673 947 2754 Vipsanius
958 2671 1104 2753 Agrippa,
1121 2674 1167 2732 in-

186 2759 261 2820 tima
282 2760 487 2822 familiaritate
516 2760 693 2819 coniunctus
720 2759 904 2819 adolescenti
930 2755 1068 2833 Caesari,
1096 2778 1167 2820 cum

186 2850 311 2924 propter
325 2867 412 2908 suam
433 2845 564 2925 gratiam
586 2849 617 2905 et
632 2842 772 2904 Caesaris
786 2846 952 2924 potentiam
967 2845 1082 2905 nullius
1099 2864 1168 2906 oon·

123 2922 165 2987 30
188 2929 314 2991 dicionis
329 2953 388 2993 non
404 2933 529 2993 haberet
543 2932 740 3012 potestatem,
764 2931 955 3010 potissimum
971 2931 1035 2990 eius
1052 2930 1168 3010 delige-

186 3020 235 3076 ret
249 3016 427 3078 affinitatem
442 3026 694 3099 praeoptaretque
706 3017 815 3094 equitis
827 3016 957 3077 Romani
969 3017 1063 3077 filiam
1075 3036 1168 3095 genc-

187 3121 326 3162 rosarum
341 3105 461 3183 nuptiis.
495 3103 597 3182 Atque
611 3104 718 3163 harum
733 3103 905 3181 nuptiarum
921 3102 1096 3163 conciliator
1111 3104 1169 3163 suit

187 3184 263 3273 (non
294 3193 341 3248 est
371 3190 452 3249 enim
481 3186 653 3270 celandum)
682 3189 723 3248 M.
749 3188 912 3263 Antonius,
948 3187 1090 3249 triumvir
1123 3190 1167 3249 rei

187 3275 327 3354 publicae
346 3276 581 3337 constituendae.
614 3272 706 3334 Cuius
722 3275 822 3353 gratia
837 3295 904 3334 eum
919 3294 1032 3353 augere
1047 3294 1167 3354 posscs-

124 3355 167 3418 35
188 3361 289 3422 siones
304 3365 407 3443 posset
421 3380 500 3436 suas,
518 3366 637 3422 tantum
651 3361 728 3421 afuit
743 3379 761 3420 a
776 3361 939 3440 cupiditate
954 3360 1117 3441 pecuniae,
1136 3368 1170 3421 ut

188 3447 272 3508 nulla
287 3449 317 3508 in
333 3469 366 3509 rc
381 3468 453 3509 usus
469 3448 508 3508 sit
523 3466 574 3520 ea,
598 3446 656 3507 nisi
671 3447 703 3505 in
719 3446 916 3525 deprecandis
933 3446 1098 3507 amicorum
1115 3452 1171 3509 aut

187 3532 332 3610 periculis
348 3539 401 3595 aut
415 3532 619 3596 incommodis.
644 3531 735 3601 Quod
750 3533 871 3611 quidem
886 3533 942 3592 sub
956 3532 1023 3612 ipsa
1037 3534 1171 3611 proscri-

188 3619 290 3697 ptione
306 3620 481 3701 perillustre
495 3618 561 3679 suit.
606 3618 685 3679 Nam
701 3637 769 3678 oum
784 3618 816 3678 L.
834 3617 955 3692 Saufeii,
980 3618 1092 3695 equitis
1106 3616 1170 3681 Ro·
