2504 4080
221 250 263 317 82
539 252 627 314 XIV.
653 250 873 315 CHABRIAS.

219 426 251 486 in
265 445 299 486 re
313 424 398 487 nulla
409 422 554 504 Agesilao
570 426 702 500 cederet,
719 444 774 486 sua
789 430 896 506 sponte
911 445 963 487 eos
978 427 1119 488 adiutum
1130 427 1211 488 illuc·

219 512 374 573 contendit
388 514 419 571 et
433 511 525 572 classi
538 511 709 592 praefectus
724 514 779 584 est,
801 531 870 571 cum
890 513 1083 592 pedestribus
1108 514 1205 593 copiis

219 597 414 663 conducticiis
439 595 604 677 Agesilaus
629 600 793 677 praeesset.
839 596 899 658 Sed
925 601 1029 659 contra
1054 599 1210 675 Tachum,

217 703 324 763 regem
343 681 495 765 Aegypti,
521 682 706 744 Nectanabis
727 683 804 744 alter
824 689 948 744 exortus
971 689 1032 759 est,
1055 685 1096 745 ad
1118 686 1205 745 cuius

174 770 195 833 5
218 776 321 850 partes
335 769 513 848 Agesilaus,
541 770 592 848 qui
618 789 636 830 a
661 768 762 830 Tacho
788 768 937 830 alienatus
963 773 1043 844 erat,
1070 772 1202 847 transiit,

218 875 287 917 oum
303 853 449 917 Chabrias
469 856 501 916 in
515 854 575 915 fide
595 858 731 915 maneret
745 857 777 915 et
790 855 904 915 frustra
918 856 1006 916 illum
1025 856 1058 916 in
1079 875 1118 917 ea
1131 859 1202 917 ret'-

217 962 290 1003 nere
306 943 450 1003 studeret.
494 940 570 1001 Post
584 941 679 1002 Tachi
693 944 822 1002 mortem
839 940 976 1002 Athenas
995 943 1088 1003 rediit
1102 962 1202 1021 neque

216 1029 258 1089 ibi
280 1030 392 1090 diutius
415 1030 462 1087 est
482 1034 633 1102 moratus,
661 1046 752 1105 quam
777 1046 899 1088 necesse
922 1029 987 1088 fuit.
1033 1027 1103 1089 Non
1117 1030 1198 1088 enim

215 1114 346 1174 libenter
363 1116 429 1173 erat
444 1115 513 1173 ante
529 1113 632 1173 oculos
647 1132 771 1173 suorum
794 1114 920 1188 civium,
942 1115 1013 1193 quia
1028 1118 1060 1174 et
1073 1114 1197 1174 vivebat

153 1201 195 1265 10
217 1199 330 1259 lautius
357 1203 388 1259 et
405 1198 593 1276 ,indulgebat
607 1199 663 1259 sibi
688 1199 847 1275 libentius,
875 1219 964 1278 quam
990 1202 1025 1259 ut
1051 1200 1198 1260 invidiam

215 1286 304 1365 vulgi
318 1288 421 1366 posset
435 1283 576 1363 effugere.
622 1284 680 1345 Est
694 1285 774 1345 enim
796 1285 853 1345 hoc
868 1303 1026 1346 commune
1040 1287 1154 1347 vitium
1168 1286 1198 1346 in

213 1373 335 1449 magnis
355 1371 520 1451 liberisque
544 1370 731 1445 civitatibus,
755 1373 790 1432 ut
812 1371 929 1432 invidia
950 1372 1068 1450 gloriae
1097 1392 1200 1433 comes

214 1457 255 1518 sit
276 1464 307 1519 et
326 1458 456 1519 libenter
482 1459 520 1518 de
545 1457 583 1517 iis
609 1458 783 1531 detrahant,
812 1475 886 1536 quos
913 1458 1046 1518 eminere
1072 1459 1198 1519 videant

215 1544 321 1621 altius,
348 1565 445 1624 neque
471 1544 570 1605 animo
597 1562 691 1622 aequo
715 1562 864 1623 pauperes
886 1544 1017 1604 alienam
1043 1544 1197 1605 fortunam

151 1629 192 1692 15
214 1631 396 1690 intueantur.
441 1630 549 1708 Itaque
566 1626 728 1704 Chabrias,
754 1633 898 1709 quantum
914 1630 942 1689 ei
957 1630 1079 1705 licebat,
1103 1630 1197 1711 pluri·

214 1735 297 1775 mum
313 1717 424 1778 aberat.
468 1715 494 1774 E
530 1719 596 1775 tum
611 1715 732 1794 quidem
747 1716 779 1775 in
794 1715 955 1776 Thraciam
969 1716 1126 1795 profectus
1140 1720 1193 1776 est.

139 1803 193 1863 ΙΠ
299 1801 405 1880 Neque
425 1820 498 1861 vero
522 1802 604 1861 solus
628 1800 682 1861 ille
704 1801 809 1862 aberat
823 1800 952 1861 Athenis
973 1801 1118 1876 libenter,
1142 1802 1195 1862 sed

214 1906 319 1948 omnes
341 1889 406 1948 fere
427 1887 581 1967 principes
603 1887 741 1947 fecerunt
762 1887 857 1961 idem,
881 1888 961 1966 quod
976 1890 1094 1948 tantum
1110 1908 1144 1948 se
1158 1887 1193 1949 ab

213 1974 330 2034 invidia
345 1975 492 2054 putabant
508 1975 659 2047 afuturos,
683 1977 828 2053 quantum
851 1992 869 2033 a
893 1977 1056 2052 conspectu
1071 1993 1194 2035 suorum

148 2057 191 2121 20
212 2067 409 2121 recesserant.
454 2060 563 2138 Itaque
579 2055 682 2120 Conon
698 2059 863 2138 plurimum
883 2059 965 2119 vixit
981 2056 1089 2141 Cypri,
1112 2059 1195 2140 Iphi·

214 2151 312 2207 crates
336 2147 368 2206 in
390 2145 534 2219 Thracia,
562 2145 739 2205 Timotheus
762 2145 868 2220 Lesbi,
896 2142 1011 2205 Chares
1037 2145 1070 2205 in
1092 2143 1192 2225 Sigeo.

213 2231 379 2291 Dissimilis
395 2231 516 2310 quidem
532 2227 646 2290 Chares
662 2226 769 2292 horum
785 2234 816 2291 et
829 2232 918 2292 factis
933 2235 965 2290 et
978 2231 1123 2305 moribus,
1138 2231 1192 2290 sed
1231 2292 1238 2305 ,

213 2320 315 2377 tamen
330 2316 460 2376 Athenis
481 2321 512 2376 et
532 2317 694 2378 honoratus
717 2321 749 2378 et
768 2322 883 2398 potens.
930 2313 1077 2378 Chabrias
1092 2320 1192 2378 antem

212 2403 303 2482 periit
324 2403 404 2462 bello
421 2403 526 2463 sociali
541 2403 595 2462 tali
611 2405 709 2463 modo.
749 2401 974 2482 Oppugnabant
989 2401 1199 2464 Athenienses-

148 2487 190 2551 25
214 2486 331 2550 Chium.
376 2488 452 2548 Erat
477 2489 509 2547 in
533 2489 629 2549 classe
646 2487 792 2549 Chabrias
817 2489 971 2568 priuatus,
998 2489 1053 2549 sed
1079 2508 1192 2563 omnes,

214 2576 265 2656 qui
277 2576 308 2635 in
319 2575 502 2653 magistratu
513 2579 608 2650 erant,
620 2576 798 2636 auctoritate
810 2576 944 2635 anteibat
955 2595 1084 2654 eumque
1094 2575 1194 2653 magis

212 2662 339 2737 milites,
364 2679 454 2741 quam
476 2660 527 2740 qui
550 2665 725 2741 praeerant,
750 2661 943 2742 aspiciebant.
989 2660 1078 2730 Quae
1100 2681 1150 2721 res
1165 2661 1193 2720 ei

211 2749 379 2810 maturavit
404 2758 542 2808 mortem.
598 2747 677 2826 Nam
703 2748 776 2808 dum
801 2748 917 2828 primus
943 2748 1045 2807 studet
1071 2749 1193 2827 portum

212 2835 335 2910 intrare,
357 2835 652 2914 gubernatoremque
674 2834 759 2894 iubet
773 2853 808 2894 eo
825 2833 958 2912 dirigere
978 2852 1103 2908 navem,
1128 2832 1193 2914 ipse

147 2915 190 2978 30
213 2920 271 2978 sibi
296 2922 441 2998 perniciei
467 2921 532 2981 fuit.
580 2916 656 2980 Cum
683 2921 762 2979 enim
783 2939 818 2980 eo
842 2923 1045 3000 penetrasset,
1075 2923 1194 2980 ceterae

211 3023 306 3063 naves
321 3026 381 3066 non
397 3011 467 3067 sunt
482 3010 613 3068 secutae.
659 3004 727 3074 Quo
743 3007 823 3065 facto
845 3007 1044 3065 circumfusus
1059 3005 1193 3066 hostium

212 3107 359 3149 concursu
374 3110 442 3151 cum
457 3092 621 3153 fortissime
635 3096 800 3172 pugnaret,
822 3093 909 3152 navis
930 3098 1028 3152 rostro
1049 3110 1194 3171 percusse

212 3175 312 3253 coepit
331 3175 438 3236 sidere.
483 3177 564 3237 Hinc
584 3177 726 3254 refugere
746 3197 814 3237 oum
829 3181 944 3257 posset,
966 3178 993 3236 si
1014 3196 1047 3237 se
1062 3178 1094 3237 in
1109 3198 1194 3238 mare

211 3261 387 3334 deiecisset,
411 3262 491 3340 quod
513 3263 636 3323 suberat
651 3263 759 3322 classis
774 3262 1022 3337 Atheniensium,
1046 3283 1125 3342 quae
1140 3284 1192 3324 ex-

145 3344 188 3408 35
212 3349 326 3428 ciperet
336 3350 484 3421 natantes,
497 3348 597 3427 perire
608 3349 725 3424 maluit,
739 3369 828 3428 quarn
839 3350 931 3410 armis
943 3350 1071 3410 abiectis
1082 3369 1193 3412 navem

209 3435 390 3515 relinquere,
408 3453 467 3513 qua
481 3435 581 3495 fuerat
595 3439 710 3496 vectus.
741 3435 780 3495 ld
795 3436 888 3496 ceteri
903 3436 1003 3496 facere
1018 3436 1190 3508 noluerunt,

211 3522 262 3600 qui
278 3522 377 3582 nando
393 3520 538 3581 intutum
553 3524 766 3600 peruenerunt.
803 3521 847 3582 At
861 3522 914 3582 ille
929 3529 1086 3601 praestare
1101 3523 1191 3583 hone-

211 3612 289 3668 stam
305 3611 433 3669 mortem
449 3596 645 3687 existimabat
659 3609 741 3689 turpi
756 3608 839 3669 vitae
854 3611 885 3668 et
900 3608 1035 3669 cominus
1051 3627 1196 3688 pugnans
