2504 4080
373 277 444 340 XV.
469 277 719 343 TIMOTHEUS.
996 275 1042 343 83

57 450 131 513 telis
143 448 278 513 hostium
293 449 471 512 interfectus
487 454 541 511 est.
565 449 641 512 Erat
655 458 758 512 autem
771 449 917 514 Chabrias
931 454 1041 513 natura

57 556 149 618 saepe
174 528 293 616 se'gnis,
319 539 354 596 ut
379 555 439 598 non
464 536 555 597 facile
576 537 615 596 ad
636 557 686 598 res
706 539 842 615 agendas
857 537 1041 599 commoveri

57 627 176 705 posset,
201 623 283 683 idem
303 624 406 683 tamen
427 622 460 682 in
479 622 554 703 ipsis
576 623 790 684 certaminibus
811 623 987 685 commotior
1009 625 1040 684 et

56 708 224 771 fervidiore
242 708 360 790 impetu
379 708 471 769 nimis
494 718 607 769 temere
623 710 663 770 ad
678 709 935 790 periculosissima
950 728 1039 788 quae·

60 814 121 876 que
134 794 294 856 terebatur.
1059 790 1082 854 5

356 1289 444 1372 XV.
473 1289 737 1373 Timotheus.

56 1464 252 1554 Tmornnus,
277 1475 408 1540 Cononis
422 1480 517 1553 filius,
538 1476 734 1538 Atheniensis
750 1496 768 1538 a
783 1481 870 1557 patre
885 1481 1040 1558 acceptam
1085 1481 1103 1541 I

56 1566 190 1645 gloriam
205 1566 309 1626 multis
325 1566 413 1626 auxit
428 1564 601 1624 virtutibus.
646 1563 721 1624 Fuit
735 1564 815 1623 enim
830 1564 970 1639 disertus,
988 1564 1039 1643 qui

57 1653 96 1713 ab
122 1652 258 1712 leocrate
285 1653 324 1712 ad
350 1650 553 1730 eloquentiam
579 1649 736 1710 institutus
770 1654 863 1724 esset,
897 1650 1038 1731 impiger,

57 1737 242 1812 laboriosus,
274 1738 319 1798 rei
346 1738 487 1798 militaris
513 1736 629 1815 peritus
654 1755 752 1815 neque
777 1736 877 1797 minus
904 1736 1038 1798 civitatis

58 1823 219 1903 regendae.
264 1822 365 1884 Multa
384 1824 473 1883 huius
494 1825 565 1882 sunt
585 1822 740 1903 praeclare
765 1822 857 1896 sacta,
886 1823 939 1883 sed
965 1823 1039 1882 haec
1081 1820 1103 1885 5

59 1909 194 1970 maxime
217 1910 355 1970 illustria.
400 1908 537 1969 Primum
560 1908 651 1969 classi
666 1908 837 1989 praefectus
851 1907 1038 1988 Peloponne-

61 2013 132 2054 sum
146 1995 371 2056 circumvehens
387 1995 568 2056 Laconicam
584 1995 786 2075 depopulatus
801 1995 931 2054 classem
945 1993 1038 2055 Lace-

60 2081 284 2144 daemoniorum
299 2081 436 2160 fugavit,
446 2079 612 2160 Corcyram
627 2081 682 2140 sub
699 2081 858 2161 imperium
874 2078 1038 2140 Athenien-

58 2166 139 2227 sium
160 2168 294 2246 redegit,
317 2168 475 2247 sociosque
495 2167 635 2228 adiunxit
656 2165 812 2246 Epirotas,
840 2164 1037 2242 Athamanas,

57 2249 199 2314 Chaonas
221 2273 383 2334 omnesque
406 2274 457 2315 eas
479 2257 602 2332 gentes,
626 2271 703 2332 quae
723 2253 770 2314 illi
789 2253 867 2313 mari
888 2253 1035 2315 adiacent.
1062 2251 1104 2316 10

57 2338 129 2408 Quo
139 2338 218 2399 facto
229 2339 462 2400 Lacedaemonii
477 2340 515 2400 de
528 2339 644 2399 diutina
655 2339 846 2400 contentione
858 2339 1041 2401 destiterunt

58 2426 91 2485 et
106 2444 161 2486 sua
174 2431 280 2506 sponte
291 2424 528 2486 Atheniensibus
543 2425 664 2506 imperii
678 2426 822 2487 maritimi
837 2426 1040 2507 principatum

59 2518 273 2573 concesserunt
310 2531 475 2593 pacemque
509 2512 557 2572 his
589 2511 710 2589 legibus
741 2512 974 2588 constituerunt,
1005 2514 1040 2572 ut

55 2596 259 2659 Athenienses
274 2599 352 2658 mari
367 2599 459 2659 duces
474 2599 584 2658 essent.
630 2596 717 2666 Quae
731 2598 860 2659 victoria
874 2599 921 2660 his
936 2602 1039 2659 tantae

55 2683 191 2744 laetitiae
206 2685 278 2761 fuit,
294 2687 329 2746 ut
343 2685 408 2764 ipso
424 2684 474 2744 die
495 2702 553 2762 quo
569 2701 632 2762 pax
646 2684 728 2744 facta
743 2689 810 2744 erat
824 2684 983 2763 quotannis
999 2684 1038 2744 ad
1061 2679 1102 2744 15

56 2789 141 2831 aram
157 2769 247 2831 Pacis
268 2771 295 2831 ei
318 2772 392 2831 deae
409 2769 551 2850 pulvinar
566 2769 783 2829 institueretur.
831 2766 923 2829 Cuius
938 2769 1037 2829 laudis

56 2862 92 2917 ut
113 2857 260 2918 memoria
281 2861 432 2933 maneret,
459 2854 616 2916 Timotheo
637 2856 759 2935 publice
778 2855 810 2916 in
825 2855 889 2915 foro
906 2858 1038 2917 statuam

56 2946 232 3022 posuerunt.
277 2942 338 3012 Qui
358 2944 453 3003 bonos
469 2941 546 3001 nulli
567 2940 618 3001 alii
634 2945 704 3001 ante
719 2941 750 3001 id
765 2944 884 3021 tempus
900 2942 1036 3020 contigit,

55 3032 100 3102 ut,
127 3046 196 3088 cum
221 3029 301 3109 patri
326 3030 456 3110 populus
483 3031 613 3089 statuam
638 3027 803 3108 posuisset,
830 3027 892 3088 filio
919 3048 1038 3108 quoque

57 3114 156 3178 daret.
198 3112 249 3175 Sic
264 3115 352 3175 iuxta
372 3116 471 3195 posita
491 3133 598 3175 recens
618 3113 674 3173 filii
690 3118 826 3174 veterem
841 3114 938 3194 patris
951 3134 1037 3176 reno·
1060 3111 1102 3176 20

57 3201 145 3261 vavit
159 3200 344 3263 memoriam.
380 3199 422 3262 Ut
436 3203 588 3262 fortunam
603 3201 668 3260 eius
683 3200 714 3259 in
730 3201 942 3280 expugnandis
957 3201 1038 3261 urbi-

56 3286 115 3346 bus
137 3286 359 3364 significarent,
387 3287 528 3348 dicuntur
554 3307 622 3347 eum
649 3285 806 3346 effinxisse
828 3286 981 3347 sedentem
1008 3290 1039 3345 et

56 3374 124 3433 rete
137 3377 300 3448 tenentem,
316 3374 348 3432 in
364 3375 444 3452 quod
458 3374 581 3434 fortuna
594 3373 686 3433 urbes
702 3373 843 3433 deiceret,

139 3459 182 3519 ln
198 3459 360 3520 Thraciam
381 3460 534 3538 profectus
547 3459 709 3520 nonnullas
729 3463 833 3540 partes
854 3457 919 3518 eius
935 3459 1035 3517 terrae
1055 3455 1088 3518 Π

55 3543 140 3605 bello
163 3545 296 3625 subegit3
314 3544 424 3606 deinde
438 3545 536 3606 iussus
554 3543 719 3627 Corcyram
733 3546 897 3624 navigare,
921 3562 998 3623 quae
1019 3561 1037 3605 a
1058 3540 1101 3608 25
1191 3560 1194 3565 ’

56 3627 218 3714 Mnasippo
232 3631 471 3695 Lacedaemonio
491 3631 628 3710 graviter
648 3632 728 3693 bello
755 3631 941 3708 vexabatur,
968 3649 1037 3691 cum

858 3731 889 3786 gb
