2504 4080
137 247 180 310 56
514 245 573 306 IX„
599 243 748 309 OONON.

139 418 256 498 patriae
286 437 359 498 opes
389 416 505 497 augeri,
536 435 627 496 quam
655 416 739 495 regis
767 415 884 477 maluit
943 416 1027 478 Nam
1057 437 1120 479 oum

139 521 282 583 magnam
297 503 510 564 auctoritatem
524 503 583 563 sibi
598 521 703 583 pugna
716 501 770 563 illa
793 500 909 578 navali,
930 522 1024 582 quam
1044 503 1121 584 apud

138 588 269 650 Cnidum
283 589 406 662 fecerat,
420 588 641 663 constituisset,
664 607 726 650 uon
746 587 846 648 solum
865 587 947 648 inter
966 589 1120 665 barbaros,

137 676 191 736 sed
221 675 312 737 etiam
337 675 419 756 apud
444 693 549 737 omnes
576 671 724 736 Graeciae
753 673 907 749 civitates,
939 673 1022 736 elam
1051 674 1122 736 dare

94 758 114 822 ὃ
139 781 260 842 operam
281 762 393 842 coepit,
415 762 450 820 ut
469 760 588 821 Ioniam
608 763 640 820 et
660 758 820 820 Aeolidem
842 762 874 819 et
896 763 1016 821 ceteras
1031 758 1120 821 Asiae

138 849 229 910 urbes
251 850 283 909 et
302 847 420 908 insulas
441 845 678 907 Atheniensibus
705 845 888 906 restitueret.
935 844 1030 915 Quod
1056 864 1119 906 cum

138 933 370 996 Lacedaemonii
392 931 622 1013 comperissent,
649 929 845 992 Antaleidam
871 931 911 992 ad
937 929 1119 1005 Tiribauum,

138 1022 324 1100 praefectum
349 1018 447 1096 regis,
474 1017 636 1091 miserunt,
662 1017 714 1096 qui
739 1015 771 1076 id
798 1016 939 1077 edoceret
961 1019 994 1077 et
1016 1035 1119 1098 pacem

138 1125 207 1167 eum
230 1123 304 1183 rege
327 1104 450 1163 faceret.
495 1102 565 1172 Quo
591 1103 670 1164 sacto
685 1101 889 1162 Athenienses
914 1101 976 1182 ipsi
1003 1121 1119 1182 quoque

73 1189 114 1251 10
138 1193 255 1269 legatos
270 1189 344 1249 illuc
367 1188 531 1264 miserunt,
558 1189 590 1248 in
611 1188 649 1248 iis
666 1185 832 1263 Cononem,
861 1187 913 1266 qui
939 1187 1121 1249 criminante

136 1274 313 1349 Antaleida,
334 1294 404 1334 eum
425 1274 493 1353 regi
514 1273 643 1334 iniurias
663 1274 790 1348 inferre,
812 1272 987 1334 aTiribazo
1008 1273 1042 1334 in
1056 1274 1119 1334 rin·

136 1361 206 1421 cula
221 1360 374 1422 coniectus
389 1362 444 1422 est.
480 1361 514 1420 Is
530 1359 640 1421 deinde
651 1359 693 1421 ‘ad
708 1379 813 1438 regem
827 1378 861 1420 se
876 1359 1016 1436 eontulit,
1032 1379 1120 1439 quem

137 1447 176 1510 de
190 1447 237 1506 his
252 1447 343 1507 rebus
358 1447 538 1508 consuleret.
583 1445 653 1506 Rex
667 1449 770 1506 autem
784 1443 950 1520 Strutham,
967 1445 1120 1506 hominem

137 1533 376 1594 Atheniensibus
390 1532 529 1607 amicum,
547 1531 586 1592 ad
600 1550 685 1592 oram
696 1531 882 1592 maritimam
892 1529 986 1606 misit,
1002 1532 1058 1611 qui
1072 1549 1121 1592 eas

76 1615 115 1677 15
138 1639 188 1679 res
214 1622 413 1697 cognosceret
439 1621 470 1677 et
495 1621 697 1697 componeret.
741 1617 777 1676 Is
802 1616 867 1677 siue
887 1614 981 1677 dubio
1005 1613 1121 1678 Coroni

138 1704 315 1764 facultatem
329 1704 422 1780 fugae
436 1702 523 1776 fecit;
551 1703 717 1783 accipimus
744 1701 826 1763 enim
844 1701 926 1762 huuc
946 1702 1123 1784 paulopost

139 1789 170 1848 in
191 1789 330 1849 morbum
350 1787 532 1868 implicitum
552 1788 585 1848 in
603 1788 704 1849 insula
723 1784 826 1869 Cypro
847 1787 929 1848 diem
944 1806 1121 1869 supremum
1141 1854 1147 1867 ,

141 1874 249 1936 obisse.

526 2063 731 2072 —————-—-—-

466 2281 518 2363 Χ.
545 2281 787 2382 Agesilaus.

102 2473 119 2532 I
141 2455 312 2531 Aorsmsus
322 2470 580 2533 Lacedaemonius
592 2490 660 2531 oum
675 2490 694 2531 a
709 2468 818 2531 ceteris
833 2468 1043 2549 scriptoribus,
1059 2473 1124 2532 tum

141 2556 276 2617 maxime
292 2559 329 2618 ab
344 2576 380 2618 eo
395 2557 585 2619 collaudatus
605 2563 667 2631 est,
690 2557 742 2635 qui
762 2559 936 2635 separatum
956 2555 1072 2618 librum
1087 2557 1126 2616 de

141 2643 232 2704 huius
257 2643 323 2706 rita
349 2642 483 2723 scripsit,
511 2639 601 2722 quem
625 2641 720 2721 vulgo
746 2639 944 2721 Xenophonti
968 2639 1127 2703 Socratico

141 2730 287 2791 tribuunt.
331 2728 392 2791 Hic
407 2729 538 2809 primum
553 2729 591 2789 de
606 2747 701 2808 regno
717 2747 785 2788 cum
799 2726 997 2806 Leotychide,
1020 2727 1128 2788 fratris

99 2812 119 2873 b
142 2816 218 2891 filio,
243 2817 349 2879 habuit
372 2815 603 2877 contentionem.
655 2813 724 2875 Mos
747 2817 795 2874 est
815 2813 936 2873 anima
958 2812 1128 2874 maioribus

140 2899 388 2965 Lacedaemoniis
403 2901 549 2976 traditus,
569 2903 605 2960 ut
624 2898 712 2959 binos
727 2918 847 2978 semper
862 2898 1010 2959 haberent
1024 2917 1126 2978 reges,

142 2985 263 3045 nomine
282 2988 381 3066 magis
402 3006 493 3066 quam
514 2984 658 3064 imperio,
683 3004 723 3044 ex
745 2985 862 3046 duabus
882 2983 1006 3045 familiis
1021 2983 1126 3045 Procli

142 3074 174 3130 et
205 3069 423 3151 Eurysthenis,
457 3071 508 3149 qui
538 3069 692 3149 principes
725 3089 765 3130 ex
800 3069 947 3150 progenie
978 3067 1128 3131 Herculis

144 3153 272 3234 Spartae
286 3175 377 3234 reges
391 3157 522 3216 fuerunt.
546 3154 666 3214 Horum
680 3174 721 3214 ex
736 3156 834 3217 altera
847 3155 880 3216 in
895 3154 1023 3216 alterius
1037 3154 1127 3216 fami·

80 3238 121 3300 10
144 3240 205 3301 liae
225 3239 326 3301 locum
349 3260 455 3319 regem
475 3239 542 3301 fieri
563 3259 623 3301 non
643 3240 762 3302 licebat.
806 3241 858 3302 Ita
878 3245 1007 3320 utraque
1035 3259 1126 3302 suum

90 3372 119 3379 .-
144 3325 297 3387 retinebat
315 3325 460 3388 ordinem.
506 3324 645 3387 Primum
667 3327 744 3389 ratio
759 3327 936 3401 habebatur,
959 3326 1012 3407 qui
1026 3325 1129 3387 maxi-

142 3432 211 3473 mus
225 3417 299 3475 natu
317 3414 400 3473 esset
421 3431 461 3471 ex
480 3411 586 3473 liberis
607 3412 686 3487 eius,
710 3413 761 3492 qui
776 3432 909 3492 regnans
931 3411 1127 3473 decessisset.

143 3495 197 3560 Sin
220 3499 248 3559 is
266 3497 388 3559 virilem
410 3517 519 3558 sexum
537 3517 598 3559 non
620 3499 808 3579 reliquisset,
836 3501 901 3560 tum
922 3497 1129 3578 deligebatur,

145 3582 198 3663 qui
219 3583 377 3663 proximus
400 3589 482 3644 esset
510 3584 744 3665 propinquitate.
787 3582 929 3645 Mortuus
956 3586 1025 3644 erat
1045 3582 1130 3662 Agis

1 3394 78 3423 ,aas
