2504 4080
465 268 567 331 XVII.
591 268 704 332 DION.
1034 268 1077 334 93

92 441 195 518 classi,
210 460 280 502 cnm
293 440 373 502 Dion
388 440 557 502 exercitum
572 442 745 522 pedestrem
761 445 886 506 teneret.
923 443 993 506 Non
1007 443 1078 505 tulit

94 530 153 590 boc
167 527 268 588 animo
283 546 378 606 aequo
394 527 474 588 Dion
488 532 520 588 et
534 547 659 588 versum
674 529 761 588 illum
776 529 903 590 Homeri
917 530 1023 591 retulit
1038 550 1078 590 ex

90 614 230 676 secunda
243 613 419 694 rhapsodia,
442 614 474 673 in
496 633 554 692 quo
576 615 652 675 haec
666 615 817 675 sententie
831 618 891 676 est:
913 636 973 677 non
989 636 1079 697 posse

94 702 175 761 bene
205 699 271 778 geri
295 699 514 778 rempublicam
540 701 705 760 multorum
731 701 875 781 imperiis.
921 701 1011 772 Quod
1032 703 1077 762 di-

95 793 182 847 ctum
194 804 304 864 magna
315 785 431 845 invidia
440 791 600 846 consecuta
613 789 672 846 est:
684 806 813 864 namque
826 789 981 866 aperuisse
994 788 1077 848 vide·
1099 787 1122 850 5

96 872 187 932 batur
202 871 301 932 omnia
322 873 353 931 in
375 890 430 931 sua
452 876 603 952 potestate
624 890 691 932 esse
712 873 802 932 velle.
847 872 936 933 Hanc
950 874 1003 933 ille
1018 893 1078 934 non

94 957 194 1017 lenire
208 958 368 1037 obsequio,
392 956 446 1017 sed
468 958 634 1018 acerbitate
654 958 825 1038 opprimere
848 960 964 1020 studuit
980 958 1077 1020 Hera-

90 1042 266 1123 clidemquc
281 1043 522 1103 interficiendum
539 1044 666 1103 curavit.

182 1127 274 1198 Quod
302 1130 416 1189 factum
443 1130 581 1190 omnibns
607 1131 775 1191 maximnm
801 1131 940 1191 timorem
966 1130 1077 1190 iniecit.
1104 1131 1167 1194 VH

94 1213 194 1276 Nemo
209 1215 290 1275 enim
304 1215 358 1275 illo
374 1216 531 1276 interfecto
553 1236 585 1277 se
606 1221 706 1276 tutum
721 1218 856 1296 putabat.
900 1218 959 1278 Ille
975 1222 1077 1278 autem
1101 1216 1145 1280 10

96 1300 272 1362 adversario
288 1304 403 1361 remoto
418 1302 559 1362 licentius
575 1320 679 1362 eorum
695 1302 781 1378 bona,
805 1323 879 1382 quos
896 1304 1011 1364 sciebat
1026 1304 1078 1365 ad-

97 1405 206 1448 versus
220 1406 254 1446 se
269 1388 414 1461 sensisse,
436 1388 585 1448 militibus
600 1388 781 1467 dispertivit.
827 1388 946 1458 Quibus
962 1389 1078 1463 divisis,

98 1491 167 1532 cum
182 1473 346 1551 quotidiani
361 1474 488 1533 maximi
503 1474 611 1533 fierent
626 1478 772 1552 sumptus,
795 1474 935 1533 celeriter
949 1475 1079 1554 pecunia

96 1559 204 1619 deesse
230 1559 341 1639 coepit,
369 1579 466 1638 neque
493 1578 550 1637 quo
573 1578 679 1618 manus
701 1560 872 1638 porrigeret
887 1560 1076 1639 suppetebat,
1224 1628 1227 1636 .

95 1644 156 1705 nisi
182 1645 214 1705 in
237 1646 404 1705 amicorum
430 1644 644 1724 possessiones.
696 1645 735 1704 Id
758 1645 906 1705 eiusmodi
928 1649 1007 1719 erat,
1034 1647 1076 1720 ut,
1102 1643 1144 1708 15

92 1749 165 1790 cum
180 1730 292 1790 milites
306 1730 540 1805 reconciliasset,
557 1731 712 1792 amitteret
726 1731 894 1811 optimates.
940 1730 1080 1800 Quarum

94 1835 200 1877 rerum
221 1835 293 1877 eura
313 1818 513 1894 frangebatur
537 1820 568 1877 et
589 1819 725 1878 insuetus
749 1818 828 1878 male
854 1818 997 1878 audiendi
1019 1837 1079 1878 non

98 1901 198 1963 animo
213 1921 307 1981 aequo
329 1903 448 1963 ferebat
463 1904 501 1963 de
516 1923 550 1964 se
570 1904 608 1963 ab
630 1903 674 1962 eis
697 1903 777 1963 male
800 1904 984 1977 existimari,
1008 1924 1080 1981 quo-

98 2007 168 2047 rum
181 1988 270 2068 paulo
286 1989 379 2048 ante
370 2009 402 2048 rn
418 1989 535 2049 eoelum
550 1989 649 2050 fuerat
663 1989 762 2049 elatus
777 1989 927 2049 laudibus
958 1951 1080 2067 Vulgus

98 2078 201 2134 autem
216 2074 352 2135 offensa'
343 2095 375 2134 1n
390 2095 460 2135 eum
474 2075 553 2135 milit
542 2079 605 2135 turn
620 2075 760 2135 voluntat
715 2079 778 2134 e
798 2075 923 2135 liberius
937 2075 1080 2154 loqueba
1102 2060 1147 2136 20

97 2165 182 2220 ture
183 2163 374 2242 ttyrannurn
390 2181 449 2222 non
464 2161 623 2221 ferendum
638 2160 803 2221 dictitabat.

184 2244 269 2307 Haec
284 2246 319 2306 ill
308 2248 338 2306 le
352 2248 473 2309 intuens
489 2267 557 2307 cum
574 2247 826 2326 quemadmodum
848 2248 970 2307 sedaret
984 2244 1169 2308 nesci-VIII

98 2333 149 2390 ret
173 2335 204 2391 et
229 2352 373 2412 quorsum
399 2334 566 2395 evaderent
591 2335 728 2408 timeret,
759 2330 916 2413 Callippns
947 2333 1078 2413 quidam,

99 2415 176 2476 ciris
191 2417 402 2494 Atheniensis,
425 2421 476 2498 qui
499 2420 590 2480 simul
613 2439 682 2479 cum
704 2439 739 2479 eo
762 2439 803 2479 ex
818 2418 1026 2499 Peloponneso
1050 2420 1081 2479 in

99 2499 235 2563 Siciliam
250 2508 390 2581 venerat,
411 2507 500 2566 homo
521 2511 551 2566 et
567 2506 696 2566 callidus
711 2509 743 2566 et
757 2505 796 2566 ad
810 2506 948 2566 fraudem
964 2508 1079 2578 acutus,
1103 2500 1146 2564 25

96 2586 165 2648 sine
186 2590 249 2651 ulla
264 2590 412 2669 religione
432 2610 467 2652 ae
489 2591 562 2667 fide,
590 2592 654 2652 adit
675 2592 713 2651 ad
728 2592 858 2652 Dionem
878 2596 910 2652 et
929 2592 985 2667 ait,
1012 2610 1081 2651 eum

96 2693 210 2752 magno
240 2675 271 2735 in
298 2677 431 2756 periculo
459 2696 525 2737 esse
550 2687 674 2757 propter
699 2676 894 2739 offensionem
906 2677 1024 2823 populi
1051 2684 1082 2736 et

96 2760 202 2821 odium
216 2762 295 2822 milit
272 2767 361 2836 itum,
378 2763 466 2909 quod
481 2762 564 2823 nullo
580 2763 669 2823 rnodo
685 2764 748 2823 evit
749 2783 801 2825 are
816 2768 931 2842 posset,
953 2762 1012 2821 nisi
1005 2762 1081 2822 111-

98 2846 149 2906 eui
164 2866 286 2907 suorum
298 2850 455 2926 negotium
464 2849 552 2908 daret
539 2849 627 2928 t,qui
639 2867 672 2907 se
685 2848 844 2908 simularet
854 2849 920 2908 illi
912 2847 1078 2909 mimicum:

97 2933 238 3012 quamsi
261 2935 427 2995 invenisset
449 2926 603 3008 idoneum,
628 2934 718 2994 facile
741 2935 875 2994 omnium
895 2934 1012 2995 animos
1034 2954 1080 2995 co-
1104 2930 1149 2994 30

98 3019 256 3097 gniturum
278 3021 531 3100 adversariosque
551 3020 653 3081 sublat
640 3023 754 3095 t,urum
783 3020 890 3099 quod
881 3021 997 3081 inimici
1017 3021 1083 3081 eius

98 3105 283 3166 dissidentes
299 3126 369 3167 suos
384 3127 491 3168 sensus
507 3107 642 3187 aperturi
657 3067 764 3167 forent.
791 3106 858 3168 Tali
873 3107 998 3168 oonsilio
1014 3127 1083 3188 pro-

97 3191 170 3251 bato
197 3192 319 3271 excepit
340 3193 395 3253 has
420 3198 523 3274 partes
545 3195 611 3273 ipse
634 3189 792 3273 Callippus
808 3199 887 3254 etse
914 3194 1082 3255 1111111111-

97 3276 239 3356 prudent
231 3298 259 3338 11
217 3279 397 3338 tDionis.
390 3280 451 3339 ad
468 3300 538 3339 eum
552 3281 598 3340 int
586 3279 795 3340 terficiendum
811 3280 908 3340 socios
923 3280 1082 3359 conquirit

99 3363 335 3424 adversarios
309 3384 375 3423 erus
398 3367 555 3440 convenit,
579 3366 785 3427 coniuratione
809 3366 973 3426 confirmat.
953 3364 1082 3424 tRes
1104 3359 1148 3424 35

97 3449 203 3510 multis
227 3451 356 3510 consciis
378 3469 455 3529 quae
477 3454 636 3529 gereretur
657 3452 705 3513 ela
707 3455 738 3513 11
760 3453 859 3512 desert
860 3472 896 3510 ur
847 3451 950 3512 tad
965 3449 1081 3510 Aristo-

98 3536 236 3612 machen,
252 3556 386 3597 sororem
401 3536 517 3613 Dionis,
532 3557 719 3617 uxoremque
734 3536 857 3598 Areten.
881 3536 960 3596 Illae
975 3536 1083 3596 timore

98 3623 280 3700 perterritae
296 3623 480 3683 conveniunt
495 3623 581 3684 errius
596 3624 634 3685 de
649 3623 784 3704 periculo
796 3621 951 3684 timebant.
975 3620 1019 3683 At
1030 3622 1082 3683 ille
