2504 4080
161 225 182 289 4
504 227 530 286 Ι.
554 224 792 288 MILTIADES.

162 418 230 460 esse
245 399 406 458 ferebatur.
451 396 584 458 Patruus
599 398 677 474 eins,
699 398 747 460 oui
763 395 866 477 stipsi
880 416 988 457 nomen
1004 395 1138 459 Miltiadi

161 485 228 559 fuit,
240 481 366 565 Cypseli
376 482 466 557 filins,
482 503 517 545 eo
527 488 672 565 tempore,
684 504 742 563 quo
753 484 933 545 Pisistratus
945 484 1139 563 tyrannidem

162 569 291 631 Athenis
307 570 470 645 obtinebat,
486 571 634 632 coloniam
646 567 866 632 Chersonesum
877 569 1056 630 deduxerat.
1079 569 1139 631 Do·

162 656 242 717 lonoi
262 656 343 716 enim
365 656 508 732 Thraces,
533 657 584 736 qni
604 653 825 718 Chersonesum
844 655 1005 716 Thraciam
1028 656 1139 717 incole

119 736 141 799 5
163 744 244 817 bant,
260 761 329 803 cum
343 743 382 802 ab
396 741 566 803 Absinthiis
581 742 661 804 bello
677 745 876 817 vexarentur,
896 760 986 819 reges
1001 760 1083 817 suos,
1107 748 1141 802 nt

164 829 318 890 oraculum
334 828 533 902 consulerent,
550 827 684 909 Delphos
698 829 851 890 miserant.
891 827 1009 897 Quibus
1026 827 1139 908 Pythia

163 915 328 996 respondit,
344 913 519 975 colonorum
533 913 564 973 in
577 917 691 974 terram
705 934 791 976 suam
811 913 1057 974 deducendorum
1072 933 1139 974 eum

163 1009 316 1063 auctorem
338 1005 505 1074 sumerent,
532 1000 584 1078 qui
609 1001 724 1080 primus
747 1020 799 1061 eos
821 1020 838 1059 a
858 1000 970 1079 templo
992 1000 1139 1060 abeuntes

163 1087 292 1167 hospitio
307 1085 485 1165 excepisset.
529 1085 669 1159 Dolonci,
692 1085 937 1166 per·'Phocenses
952 1088 984 1144 et
997 1084 1139 1146 Boeotios

102 1165 142 1228 10
164 1174 222 1233 iter
237 1171 384 1231 facientes
406 1188 474 1231 cum
497 1171 612 1231 anullo
635 1172 755 1232 invitati
769 1171 905 1231 Athenas
920 1172 1138 1249 pervenissent,

163 1259 241 1318 forte
255 1256 439 1331 Miltiadem,
462 1253 588 1337 Cypseli
603 1256 712 1330 filium,
737 1257 788 1336 qni
809 1277 844 1318 eo
859 1263 995 1336 tempore
1010 1256 1139 1319 Athenis

163 1361 275 1423 magna
289 1342 468 1404 anctoritate
482 1343 621 1417 florebat,
642 1343 674 1403 in
688 1343 839 1403 vestibulo
862 1343 968 1403 domus
983 1343 1138 1405 sedentem
1159 1388 1162 1393 -

164 1428 360 1491 offenderunt.
404 1427 438 1488 Is
458 1427 608 1490 Doloncos
630 1433 858 1507 praetereuntes
884 1429 992 1488 videns
1013 1449 1030 1488 e
1054 1433 1140 1490 veste

165 1521 195 1576 et
210 1516 304 1576 armis
319 1515 497 1596 peregrinos
512 1534 579 1575 esse
594 1515 745 1594 cognorit,
761 1514 896 1574 homines
911 1515 949 1575 ad
964 1534 998 1574 se
1012 1514 1140 1577 advoca·

101 1591 142 1654 15
164 1602 226 1676 vit,
251 1602 463 1663 accedentibus
483 1601 669 1662 domicilium
691 1605 722 1661 et
742 1600 905 1680 hospitium
926 1600 1043 1660 obtulit.
1090 1599 1142 1661 Illi

164 1687 253 1747 domo
271 1688 386 1767 recepti
400 1689 429 1747 ei
444 1688 599 1748 oraculum
614 1693 798 1767 aperuerunt
812 1686 951 1766 precibus
966 1686 1092 1762 additis,
1108 1688 1142 1747 nt

164 1773 290 1852 imperio
306 1773 355 1832 dei
370 1772 594 1853 obsequeretur.
639 1775 681 1847 Is,
698 1793 786 1852 quem
802 1772 972 1853 tyrannidis
986 1771 1142 1833 Pisistrati

164 1859 310 1934 taederet,
326 1877 395 1918 cnm
411 1859 615 1919 condicionem
630 1877 690 1920 non
709 1863 874 1938 respueret,
897 1857 1051 1918 oraculum
1067 1858 1144 1920 adiit
1178 1882 1180 1891 ·

165 1950 197 2004 st
211 1945 295 2004 iussu
309 1943 441 2023 Pythiae
456 1944 617 2023 assumptis
631 1943 861 2004 Atheniensium
876 1944 1058 2004 voluntariis
1071 1960 1143 2006 ‘cnm
1175 1958 1180 1983 ³

101 2018 143 2085 20
165 2030 307 2091 Doloncis
322 2031 352 2090 in
369 2035 482 2090 terram
498 2048 601 2092 eorum
616 2030 774 2108 navigavit
791 2029 892 2108 ibique
909 2032 1060 2110 tyrannus
1079 2048 1142 2091 ore
1178 2036 1180 2043 '

98 2153 100 2157 ·
166 2120 233 2177 atus
249 2120 304 2176 est.
348 2115 442 2176 Brevi
456 2120 592 2196 tempore
612 2134 680 2175 oum
700 2116 767 2176 loca
789 2115 923 2176 castellis
939 2116 1047 2176 idonea
1063 2135 1142 2177 corn·

165 2203 314 2262 munisset
328 2207 360 2262 et
373 2222 493 2262 murum
507 2221 562 2281 per
576 2201 678 2261 fauces
692 2198 871 2261 Chersonesi
886 2221 904 2261 a
919 2202 996 2263 mari
1008 2201 1046 2262 ad
1058 2220 1143 2264 mare

165 2288 369 2368 perduxisset,
384 2287 561 2348 Absinthios
584 2287 725 2361 cohibuit,
747 2307 786 2347 nc
804 2286 934 2366 amplius
956 2291 1071 2348 terram
1091 2308 1142 2348 ve·

165 2378 283 2445 xarent,
304 2384 335 2433 et
348 2393 398 2432 res
413 2369 594 2433 Chersonesi
609 2392 726 2434 summa
740 2374 892 2452 aequitate
907 2373 1071 2434 constitnit.
1109 2375 1142 2434 Is

101 2447 143 2515 25
166 2478 234 2519 cum
248 2459 353 2520 liberis
368 2477 474 2519 carens
493 2463 675 2534 moreretur,
698 2459 859 2539 imperium
879 2462 969 2538 atque
989 2478 1062 2538 opes
1076 2457 1142 2520 Ste

166 2565 309 2625 sagonae,
332 2544 418 2605 ouius
437 2548 524 2625 pater
541 2541 648 2606 Cimon
663 2545 769 2606 eadem
790 2564 849 2625 qua
862 2544 928 2625 ipse
941 2550 1038 2605 matre
1052 2550 1144 2606 natus

166 2637 240 2707 erat,
257 2630 389 2706 tradidit,
407 2651 465 2711 qno
481 2631 639 2692 interfecto
654 2630 710 2692 filii
724 2631 876 2692 Pisistrati
888 2629 1068 2705 Miltiadem,
1083 2631 1143 2692 fra-

167 2724 244 2780 trem
260 2716 452 2796 Stesagorae,
467 2737 547 2793 eum,
563 2718 674 2798 dequo
690 2718 750 2778 iam
765 2717 916 2777 narraturi
937 2736 1050 2791 sumne,
1073 2736 1143 2778 cum

166 2805 283 2865 triremi
297 2805 336 2865 ad
351 2823 401 2864 res
415 2804 447 2863 in
462 2799 650 2864 Chersoneso
665 2802 872 2882 suscipiendas
888 2801 1043 2862 miserunt.

102 2877 144 2943 30
174 2892 208 2950 Π
250 2890 407 2951 Miltiades
427 2890 579 2970 principes
598 2886 858 2961 Chersonitarum,
881 2887 933 2966 qui
950 2888 1084 2965 undique
1104 2907 1144 2948 ex

167 2976 342 3036 civitatibus
364 2975 403 3036 ad
418 2995 487 3035 eum
503 2978 720 3049 convenerant,
737 2992 805 3033 cum
819 2973 963 3052 potestati
978 2992 1050 3034 snae
1065 2975 1146 3054 peri-

167 3061 263 3122 culosi
278 3061 464 3137 viderentur,
479 3061 640 3141 perfidiose
654 3060 685 3120 in
700 3059 824 3120 vincula
838 3058 979 3132 coniecit;
996 3059 1145 3138 quingen-

166 3154 213 3207 tos
229 3147 364 3227 corporis
384 3147 524 3207 custodes
539 3147 624 3207 alens
646 3146 880 3208 dominationem
897 3142 1075 3206 Chersonesi
1092 3147 1145 3206 ob-

167 3233 258 3293 tinuit
279 3233 433 3311 filiamque
448 3230 543 3307 Olori,
565 3232 715 3293 Thracum
730 3230 826 3311 regis,
847 3231 1070 3312 Hegesipylam
1091 3251 1145 3293 no·

103 3306 144 3371 35
166 3319 262 3392 mine,
286 3320 318 3379 in
340 3319 564 3379 matrimonium
586 3317 687 3391 duxit,
717 3336 757 3377 ex
779 3336 839 3396 qna
858 3322 963 3400 postea
986 3314 1144 3379 Cimonem

165 3405 263 3466 filium
278 3404 393 3483 gennit.
437 3403 544 3483 Neque
566 3423 601 3465 eo
616 3402 715 3464 secius
730 3401 978 3474 Atheniensibus,
1000 3422 1018 3463 a
1033 3402 1145 3482 quihus

167 3495 233 3551 erat
248 3491 411 3572 profectus,
426 3489 525 3551 officia
539 3488 721 3569 praestabat.
766 3488 904 3566 Pelasgi,
927 3487 978 3565 qni
992 3486 1144 3550 Lemnum

167 3577 298 3638 insulam
312 3576 494 3651 incolebant,
518 3576 591 3636 olim
606 3594 646 3635 ex
660 3574 764 3636 Attica
784 3574 822 3636 ab
837 3571 1074 3634 Atheniensibus
1090 3596 1144 3636 ex-
