2504 4080
173 277 216 341 70
454 274 531 336 XII.
555 271 870 339 EPAMINONDAS.

171 468 260 511 nemo
275 448 488 509 Thebanorum
502 446 611 526 magis.
648 447 728 509 Nam
742 450 773 509 et
787 446 899 509 fidibus
914 465 1025 508 canere
1040 451 1073 508 et
1090 467 1156 510 can·

172 543 239 596 tare
254 534 292 596 ad
308 533 488 596 chordarum
504 551 612 593 sonum
627 533 734 594 doctus
750 536 797 594 est
812 552 830 594 a
844 531 1007 613 Dionysio,
1031 532 1085 613 qui
1099 553 1155 597 non

172 621 289 682 minore
303 620 362 681 fuit
375 620 406 679 in
422 617 545 679 musicis
560 618 667 698 gloria,
689 638 779 699 quam
793 618 912 680 Damon
927 620 981 679 eut
995 617 1153 700 Lamprus,

173 726 301 787 quorum
316 705 499 787 pervulgata
513 707 584 765 sunt
605 705 735 780 nomina,
759 703 981 767 cantaretibiis
996 705 1036 766 ab
1052 703 1154 786 Olym·

130 791 152 855 5
173 793 298 874 piodoro
318 796 350 854 at
374 790 561 871 Orthagora,
584 790 697 851 saltare
718 788 953 870 aOalliphrcne.
999 789 1046 851 At
1061 791 1154 872 philo·

174 879 299 961 sophiae
319 879 548 960 praeceptorem
570 876 677 937 habuit
697 875 804 956 Lysim
826 875 1026 937 Tarentinum
1042 875 1152 957 Pytha·

173 985 309 1045 goreum,
326 964 375 1025 cui
389 962 512 1043 quidem
527 962 572 1022 sic
586 961 643 1023 fuit
658 961 787 1037 deditus,
803 963 838 1022 ut
849 961 1026 1024 adolescens
1037 962 1154 1024 tristem

173 1070 209 1112 ac
228 1068 371 1112 severum
392 1068 496 1109 senem
516 1047 655 1109 omnibus
676 1048 853 1128 aequalibus
873 1047 936 1108 suis
951 1047 984 1107 in
998 1047 1152 1110 familiari·

173 1139 236 1197 tate
251 1137 448 1215 anteponeret
461 1153 560 1213 neque
575 1151 708 1212 unquam
722 1152 740 1194 a
755 1154 788 1194 sa
802 1133 978 1208 dimitteret,
995 1133 1053 1194 sed
1064 1152 1155 1214 usque

112 1219 153 1284 10
175 1220 214 1283 ad
229 1239 404 1300 supremum
419 1219 484 1279 eius
500 1220 582 1280 diem
596 1238 698 1280 secum
714 1219 796 1281 domi
810 1219 944 1280 haberet.
990 1217 1155 1300 Postquam

175 1306 309 1386 ephebus
326 1308 373 1365 est
387 1304 484 1367 factus
500 1308 531 1365 et
546 1305 716 1384 palaestrae
732 1324 855 1386 operam
870 1306 943 1365 dare
958 1305 1075 1384 coepit,
1099 1324 1155 1367 non

174 1398 238 1453 tam
253 1391 457 1471 magnitudini
472 1391 585 1451 virium
606 1391 747 1466 servivit,
771 1409 862 1470 quam
883 1389 1058 1466 velocitati;
1074 1391 1156 1452 illam

98 1487 101 1493 '
175 1478 255 1539 enim
271 1479 310 1539 ad
325 1476 509 1539 athletarum
523 1497 627 1551 usum,
648 1476 726 1538 hanc
741 1477 780 1537 ad
796 1476 868 1537 belli
883 1476 1052 1537 utilitatem
1068 1475 1157 1557 perti·

174 1584 247 1625 nere
261 1564 465 1626 existimabat.
509 1561 602 1641 Isque
617 1563 818 1623 exercebatur
832 1561 997 1643 plurimum
1010 1547 1157 1623 currendo

112 1645 153 1709 15
176 1653 207 1711 et
231 1649 374 1710 luctando
406 1649 446 1709 ad
477 1667 546 1707 eum
572 1648 663 1708 finem
670 1695 677 1724 ,
710 1648 809 1727 quoad
835 1651 917 1710 stans
948 1648 1158 1710 adversarium

174 1741 279 1815 posset
294 1734 453 1813 complecti
468 1737 558 1812 atque
574 1752 642 1796 cum
659 1753 693 1794 eo
709 1735 900 1795 contendere.
923 1734 961 1794 In
976 1734 1072 1794 armis
1087 1752 1157 1794 varo

175 1818 341 1900 plurimum
356 1819 450 1879 studii
466 1819 669 1880 consumebat.

100 1904 153 1967 111
261 1905 312 1966 Ad
327 1907 405 1966 hanc
420 1903 553 1985 corporis
568 1904 744 1966 firmitatem
758 1906 848 1986 plura
862 1903 955 1964 etiam
970 1902 1067 1965 animi
1081 1905 1158 1966 bona

177 1995 375 2053 accesserant.
420 1989 496 2052 Erat
511 1990 593 2051 enim
607 1991 772 2065 modestus,
788 1990 930 2070 prudens,
947 1990 1063 2070 gravis,
1085 1994 1159 2052 tem·
1194 1999 1196 2003 ‘

110 2072 153 2138 20
175 2077 299 2160 poribus
315 2078 467 2159 sapienter
481 2080 579 2152 utens,
596 2077 712 2156 peritus
728 2076 809 2150 belli,
825 2075 913 2138 fortis
929 2094 1034 2150 manu,
1059 2075 1159 2137 animo

175 2165 325 2239 maximo,
342 2164 416 2225 adeo
432 2163 571 2224 veritatis
587 2162 732 2241 diligens,
746 2164 843 2222 utne
857 2162 922 2222 ioco
938 2160 1062 2240 quidem
1077 2181 1160 2223 men-

175 2250 292 2310 tiretur.
336 2248 425 2309 Idem
445 2248 616 2324 continens,
639 2249 785 2324 clemens,
807 2247 986 2328 patiensque
1007 2246 1160 2310 admiran-

176 2335 249 2394 dum
264 2333 295 2392 in
310 2334 448 2409 modum,
472 2353 532 2394 non
547 2335 646 2395 solum
659 2333 777 2415 populi,
801 2333 854 2394 sed
877 2333 969 2394 etiam
991 2333 1162 2395 amicorum

175 2417 301 2478 iniurias
336 2418 450 2493 ferens;
481 2419 630 2498 imprimis
663 2419 825 2481 commissa
851 2419 967 2493 calens,
1005 2419 1162 2480 studiosus

110 2500 153 2566 25
174 2503 326 2579 audiendi,
342 2503 422 2584 quod
437 2504 589 2565 interdum
604 2524 663 2566 non
678 2506 779 2565 minus
790 2505 922 2584 prodest,
940 2523 1031 2583 quam
1045 2505 1162 2566 diserte

175 2590 290 2665 dicere;
312 2610 349 2650 ex
363 2590 420 2651 hoc
435 2590 516 2650 enim
530 2590 675 2651 facillime
687 2590 773 2651 disci
793 2590 1005 2651 arbitrabatur.
1051 2590 1163 2671 Itaque

176 2696 245 2739 oum
259 2676 291 2737 in
306 2677 451 2738 circulum
473 2679 612 2752 venerat,
634 2677 667 2737 in
689 2695 746 2755 quo
763 2679 816 2737 aut
831 2676 869 2736 de
885 2675 1043 2755 republica
1057 2675 1163 2757 dispu-

177 2765 308 2839 taretur,
331 2767 384 2825 aut
405 2763 443 2824 de
463 2761 656 2843 philosophia
679 2781 779 2823 sermo
794 2762 970 2834 haberetur,
996 2780 1164 2841 numquam

175 2848 247 2909 inde
269 2849 353 2930 prius
376 2849 564 2923 discedebat,
595 2867 686 2927 quam
709 2867 807 2909 sermo
829 2848 868 2908 ad
891 2846 983 2908 finem
1005 2850 1088 2908 esset
1112 2848 1163 2910 ad-

111 2927 155 2992 30
177 2932 294 2992 ductus.
338 2934 555 3016 Paupertatem
575 2935 651 2996 adeo
672 2934 761 2995 facile
786 2951 948 3015 perpessus
975 2934 1036 3006 est,
1064 2935 1100 2994 ut
1127 2933 1163 2994 de

176 3017 332 3096 republica
353 3019 430 3080 nihil
451 3022 573 3099 praeter
587 3018 719 3098 gloriam
734 3022 864 3100 caperet,
887 3017 1053 3080 amicorum
1066 3017 1163 3080 facul·

175 3100 289 3162 tatibus
304 3102 335 3161 in
350 3123 384 3163 se
398 3104 510 3164 tuendo
526 3105 656 3178 careret,
680 3104 778 3165 isdem
803 3105 843 3166 ad
863 3105 939 3165 ahos
953 3103 1163 3166 sublevandos

134 3252 139 3261 ¹
176 3205 267 3266 saepe
283 3185 327 3246 sic
341 3206 415 3249 usus
430 3190 491 3263 est,
512 3191 547 3249 ut
565 3187 694 3249 iudicari
716 3190 820 3270 possit,
844 3189 945 3251 omnia
959 3189 987 3250 ei
1003 3208 1073 3250 oum
1088 3190 1164 3252 ami-

177 3273 222 3334 cis
243 3271 338 3333 fuisse
362 3272 541 3335 communia.
585 3271 666 3334 Nam
681 3293 749 3336 cum
764 3279 818 3337 aut
833 3275 946 3336 civium
960 3294 1087 3337 sucrum
1110 3276 1165 3337 ali-

113 3357 156 3421 35
178 3359 247 3440 quia
272 3359 309 3420 ab
335 3357 472 3420 hostibus
507 3362 573 3420 erat
600 3362 705 3440 captus
732 3365 785 3422 aut
810 3360 900 3442 virgo
931 3359 1021 3422 amici
1047 3360 1164 3422 nubilis

177 3447 302 3527 propter
316 3446 526 3527 paupertatem
543 3445 685 3508 collocari
699 3466 760 3509 non
771 3446 900 3527 poterat,
915 3446 1083 3508 amicorum
1094 3466 1165 3510 oon·

178 3532 282 3593 silium
296 3531 437 3607 habebat,
451 3534 483 3592 et
498 3535 645 3610 quantum
659 3532 786 3613 quisque
802 3533 890 3595 daret
900 3551 955 3614 pro
967 3532 1164 3595 facultatibus

178 3616 357 3697 imperabat.
408 3615 547 3698 Eamque
568 3637 718 3680 summam
738 3638 807 3680 cum
827 3618 956 3693 facerat,
984 3619 1166 3700 priusquam
