2504 4080
219 228 284 294 120
528 228 636 289 XXII.
659 228 890 291 HANNIBAL.

219 401 290 484 pani
312 400 393 461 same
412 400 513 481 pressi
533 402 641 462 urbem
662 400 776 461 dedere
791 401 888 462 coacti
901 402 983 462 sunt
1029 399 1094 479 Per
1107 402 1203 482 proxi·
1242 424 1244 429 ·

219 507 303 548 mum
328 486 494 547 triennium
513 485 679 547 Marcellus
704 487 792 547 varia
816 487 939 548 fortuna
958 488 1080 548 bellum
1105 492 1202 550 contra

219 572 423 634 Hannibalem
435 573 542 650 gessit,
559 573 655 635 donec
666 574 805 651 quintum
818 569 933 634 Consul
944 573 1029 654 apud
1041 573 1202 635 Venusiam

218 658 360 720 inductus
375 659 406 718 in
421 658 549 719 insidias
564 659 742 719 interfectus
757 661 812 718 est

154 745 264 810 thII
306 744 461 805 Hannibal
477 763 545 805 oum
560 763 579 805 a
594 745 713 804 civibus
728 745 791 804 suis
806 762 866 805 non
881 743 1101 821 adiuvaretur,
1122 754 1202 825 aspa

220 831 355 893 deiectus
370 850 403 891 se
418 830 542 890 Italiam
557 830 671 890 dicbus
687 830 825 890 obtinere
848 849 953 909 posse,
978 830 1200 892 Hasdrubalem

219 919 345 980 fratrem
359 937 400 978 ex
414 915 565 995 Hispania
586 916 617 974 in
632 915 755 976 Italiam
778 914 950 976 advocarit.
996 917 1038 976 Is·
1051 920 1153 978 tamen
1165 915 1201 977 ad

219 1005 395 1067 Metaurum
417 1002 530 1062 flumen
552 1001 673 1062 aLivio
689 999 861 1062 Salinatore
882 1004 914 1062 et
934 998 1068 1063 Claudio
1089 1002 1202 1063 Nerone

221 1089 394 1152 oonsulibus
409 1088 494 1147 fusus
509 1094 541 1147 et
554 1088 733 1147 interfectus
747 1092 794 1148 est
807 1092 839 1147 et
854 1092 945 1166 caput
956 1086 1025 1147 eius
1037 1089 1080 1148 ad
1091 1087 1199 1149 Hanni-

156 1174 200 1238 10
220 1176 321 1235 halem
336 1173 481 1244 relatum;
503 1192 562 1251 quo
577 1173 720 1253 adspeeto
735 1173 785 1234 hio
808 1173 1003 1234 exclamasse
1024 1173 1151 1248 dicitur,
1170 1192 1205 1233 se

219 1261 281 1321 iam
311 1275 478 1337 agnoscere
505 1256 659 1318 fortunam
686 1256 890 1337 Carthaginis.
935 1257 1087 1320 Attamen
1115 1260 1201 1320 etiam

219 1365 275 1426 per
301 1350 429 1424 quatuor
453 1362 547 1404 annos
570 1344 601 1403 iu
628 1350 768 1405 extrema
793 1345 887 1405 Italia
912 1364 945 1404 se
970 1345 1082 1405 tenuit.
1126 1345 1204 1406 Hinc

219 1430 353 1492 invictus
376 1429 505 1510 patriam
528 1430 686 1490 defensum
706 1434 868 1492 revocatus
890 1430 1006 1491 bellum
1034 1431 1135 1508 gessit
1154 1430 1203 1492 ad·

220 1537 328 1579 versus
340 1516 374 1577 P.
388 1514 569 1596 Scipionem,
584 1514 681 1576 filium
696 1517 770 1591 eius,
787 1535 916 1596 quocum
930 1516 997 1596 ipse
1011 1518 1113 1596 primo
1126 1515 1203 1597 apud

156 1600 198 1665 15
219 1603 417 1677 Rhodanum,
445 1602 556 1661 iterum
582 1602 664 1681 apud
686 1600 821 1677 Padum,
848 1602 937 1662 tertio
965 1601 1047 1682 apud
1064 1601 1201 1663 Trebiam

220 1693 380 1772 pugnarat.
426 1684 503 1747 Cum
518 1688 576 1748 hoo
590 1687 748 1747 exhaustis
773 1688 834 1747 iarn
864 1687 981 1768 patriae
1010 1688 1206 1750 facultatibus

221 1775 339 1855 cupivit
362 1774 393 1833 in
416 1774 589 1853 praesentia
611 1772 727 1833 bellum
751 1792 945 1853 componere,
970 1793 1029 1842 quo
1052 1774 1203 1835 valentior

220 1866 327 1943 postea
337 1859 582 1939 congrederetur.
606 1858 643 1918 In
656 1859 840 1939 colloquium
852 1859 1003 1935 convenit,
1015 1859 1206 1922 condiciones

222 1967 280 2008 non
297 1946 511 2007 convenerunt.
555 1943 707 2004 Postridie
728 1945 824 2024 igitur
844 1964 936 2024 quam
956 1946 1014 2006 hoc
1028 1946 1145 2006 iactum
1159 1948 1205 2006 est

156 2029 200 2095 20
220 2032 301 2095 haud
323 2031 428 2112 procul
451 2049 469 2091 a
490 2029 581 2091 Zama
602 2031 641 2089 ad
669 2029 883 2111 Naraggaram
914 2050 983 2091 curn
1006 2031 1116 2092 eodem
1137 2050 1203 2092 oon·

220 2120 316 2192 flixit3
331 2118 438 2197 pulsus
454 2112 649 2199 (incredibile
664 2114 763 2200 dictu)
779 2117 870 2178 hiduo
886 2120 917 2176 et
932 2116 1050 2176 duabus
1066 2116 1206 2179 noctibus

222 2204 447 2265 Hadrumetum
463 2203 617 2282 pervenit,
640 2202 720 2280 quod
741 2203 828 2263 abest
842 2222 860 2262 a
874 2202 968 2262 Zama
982 2202 1107 2263 circiter
1121 2202 1203 2263 milia

222 2309 365 2370 passuum
382 2292 525 2348 becenta.
571 2289 609 2347 In
624 2287 681 2347 hac
696 2288 770 2368 fuga
783 2287 943 2362 Numidae,
961 2287 1014 2366 qui
1029 2289 1123 2348 simul
1137 2306 1203 2348 oum

222 2395 257 2436 eo
276 2394 316 2434 ex
331 2373 395 2433 acie
412 2377 615 2446 excesserant,
632 2373 767 2434 insidiati
782 2379 853 2435 sunt
867 2374 911 2450 ei,
935 2392 1010 2452 quos
1030 2393 1094 2434 non
1109 2375 1201 2435 solum

157 2456 201 2523 25
223 2459 339 2539 effugit,
355 2459 515 2518 sedetiam
532 2459 613 2538 ipsos
630 2460 789 2539 oppressit.
834 2459 1018 2522 Hadrumeti
1039 2460 1172 2539 reliquos
1186 2477 1206 2519 e

222 2548 297 2624 iuga
312 2544 449 2624 collegit,
472 2544 560 2605 novis
575 2544 742 2605 delectihus
762 2546 869 2627 paucis
885 2545 992 2605 diebus
1006 2546 1123 2606 multos
1138 2564 1204 2606 con·

222 2632 325 2694 traxit.
361 2627 437 2692 Cum
453 2634 555 2690 tamen
570 2630 766 2708 intelligeret,
783 2650 890 2711 pacem
905 2631 1074 2691 exhaustae
1091 2632 1206 2711 patriae

221 2718 426 2780 necessariam
452 2736 533 2791 esse,
569 2713 788 2795 Carthaginem
813 2717 906 2778 rediit
931 2720 1001 2797 post
1027 2724 1150 2777 sextum
1174 2718 1203 2777 et

222 2807 409 2866 tricesimum
431 2823 544 2866 annum
566 2822 656 2882 quam
678 2803 845 2882 reliquerat
865 2809 896 2864 et
916 2803 982 2882 ipse
997 2803 1083 2882 pacis
1099 2820 1205 2864 suasor

157 2884 201 2949 30
222 2891 289 2966 fuit,
306 2911 382 2970 quae
398 2891 509 2952 deinde
525 2888 750 2949 condicionibus
765 2890 839 2950 satis
854 2888 966 2967 iniquis
980 2890 1063 2949 facta
1077 2892 1134 2950 est.

146 2971 199 3034 IX
306 2975 380 3036 Post
395 2996 502 3056 pacem
513 2977 624 3038 iactam
636 2973 790 3034 Hannibal
801 2976 896 3035 nihilo
908 2974 1007 3034 secius
1017 2974 1207 3054 reipublicae

222 3060 375 3136 gerendae
397 3062 543 3122 interluit.
588 3060 622 3120 P.
647 3057 794 3139 Sulpicio,
826 3058 857 3122 C.
881 3059 1007 3120 Aurelio
1031 3060 1207 3122 consulibus

222 3143 318 3222 legati
329 3143 535 3207 Romanorum
548 3143 764 3224 Carthaginem
777 3146 861 3207 missi
876 3154 954 3220 sunt,
971 3151 1005 3206 ut
1019 3147 1207 3219 nuntiarent,

223 3232 323 3293 civem
352 3248 456 3290 eorum
485 3231 692 3293 Hamilcarem
726 3232 866 3293 relictum
895 3233 927 3292 in
958 3226 1061 3293 Gallia
1090 3232 1206 3292 bellum

157 3314 201 3379 35
223 3320 329 3381 contra
350 3315 458 3378 foedus
480 3317 590 3378 facere.
636 3316 799 3379 Exercitus
821 3315 982 3380 Gallorum
995 3315 1208 3397 Ligurumque

222 3403 374 3465 excivisse
397 3402 435 3463 ad
459 3421 543 3463 arma
567 3406 672 3463 contra
693 3404 838 3483 populum
852 3403 1025 3465 Romanum
1039 3404 1207 3475 movenda;

222 3488 325 3566 illum,
352 3490 379 3549 si
404 3508 466 3570 pax
481 3488 629 3569 placeret,
654 3490 861 3550 revocandum
886 3493 917 3551 et
941 3488 1053 3570 populo
1068 3487 1209 3551 Romano

223 3574 396 3637 dedendum
411 3595 487 3638 esse.
531 3572 622 3634 Anno
644 3573 815 3654 insequenti
832 3571 1103 3654 Carthaginienses
1117 3592 1210 3656 pecu-
