2504 4080
383 242 460 305 XII.
483 241 798 309 EPAMINONDAS.
1042 241 1084 310 73
1162 256 1165 261 '

97 414 234 490 maxime
248 413 313 475 eins
329 415 503 495 eloquentia
516 417 615 479 eluxit
630 416 767 498 Spartae,
783 433 852 477 cum
866 417 990 496 legatus
1003 420 1085 479 esset

99 505 172 563 ante
190 519 325 581 pugnam
343 499 542 565 Leuctricam.
588 502 657 573 Quo
680 520 748 563 cnm
776 502 911 562 omnium
932 504 1083 564 sociorum

97 586 195 665 legati
211 586 430 663 convenissent,
445 607 548 650 coram
560 587 802 668 frequentissimo
814 606 920 649 eorum
931 594 1083 650 conventu

100 673 146 733 sic
159 671 469 735 Lacedaemoniorum
484 675 679 755 tyrannidem
694 673 842 752 coarguit,
857 678 965 736 utnon
982 675 1083 736 minus

98 757 155 819 illa
181 757 318 824 01011010
343 776 416 839 opes
441 779 547 821 eorum
572 759 772 834 concusserit,
806 778 897 838 quam
921 759 1083 822 Leuctrica
1104 756 1128 822 5

99 861 213 925 pugna.
237 842 315 903 Tum
326 843 407 904 enim
418 845 555 925 perfecit,
571 846 651 924 quod
666 847 736 926 post
749 845 902 926 apparuit,
917 849 952 907 ut
966 847 1082 908 auxilio

99 928 334 991 Lacedaemonii
348 930 499 991 sociorum
513 931 718 1011 privarentur.

186 1013 296 1075 Fuisse
315 1014 483 1094 patientem
504 1036 688 1097 suorumque
709 1015 823 1078 ciuium
843 1016 970 1077 iniurias
984 1018 1082 1078 10101-
1104 1013 1171 1077 VII

98 1102 172 1175 tem,
189 1099 269 1179 quod
284 1119 318 1161 se
332 1102 450 1181 patriae
464 1103 555 1164 irasci
569 1103 655 1164 10100
670 1123 738 1165 0000
752 1103 886 1177 duceret,
913 1103 989 1164 haec
1011 1107 1083 1164 sunt

99 1185 283 1250 testimonia.
327 1183 405 1247 Cum
420 1207 491 1249 01111
505 1192 630 1270 propter
644 1189 793 1250 invidiam
813 1189 896 1250 ciues
916 1187 1083 1269 praeficere
1105 1183 1148 1248 10

99 1271 252 1333 exercitui
278 1271 459 1349 noluissent,
487 1275 539 1353 qui
564 1275 603 1335 ad
630 1275 810 1356 Pelopidam
833 1275 1025 1335 liberandum
1051 1275 1083 1337 in

100 1356 293 1419 Thessaliam
320 1358 431 1419 missus
457 1362 537 1435 erat,
565 1360 718 1440 ducesque
744 1362 847 1421 essent
873 1359 984 1422 delecti
1009 1360 1083 1422 belli

98 1441 250 1522 imperiti,
275 1461 403 1522 quorum
417 1463 520 1505 errore
535 1464 570 1506 00
586 1445 719 1506 deducta
740 1448 822 1505 esset
843 1444 898 1506 illa
919 1445 1082 1507 multitudo

99 1527 243 1603 militum,
258 1536 294 1589 ut
307 1548 412 1591 omnes
423 1529 461 1590 de
470 1531 570 1592 salute
582 1531 840 1612 pertimescerent,
857 1529 937 1609 quod
946 1529 1082 1591 locorum

99 1613 253 1694 angustiis
280 1614 319 1674 ab
349 1615 488 1677 hostibus
519 1617 615 1677 clausi
647 1615 878 1692 obsidebantur,
913 1615 1082 1677 desiderari
1106 1607 1151 1679 15

101 1702 211 1780 coepta
225 1701 271 1760 est
284 1698 515 1780 Epaminondae
529 1701 696 1781 diligentia.
742 1700 771 1761 A
786 1720 844 1780 quo
860 1719 930 1762 cnm
944 1704 1085 1782 peterent

101 1804 207 1864 opem,
228 1784 345 1847 nullam
368 1786 507 1848 adhibuit
528 1787 707 1849 memoriam
727 1787 931 1849 contumeliae
949 1791 981 1848 01
995 1807 1082 1849 exer·

100 1871 197 1931 citum
221 1870 377 1933 obsidione
401 1871 566 1934 liberatum
592 1874 716 1934 domum
741 1873 867 1934 reduxit
890 1872 1082 1934 incolumem.

99 1953 238 2016 Maxime
251 1975 325 2018 1010
346 1957 467 2018 illustre
486 1959 545 2019 fuit
565 1958 637 2034 hcc,
665 1977 734 2019 cum
760 1957 930 2019 exercitum
949 1957 981 2018 in
995 1956 1083 2020 Pelo·
1179 2028 1183 2033 ,

99 2060 268 2122 ponneeum
290 2042 430 2104 duxisset
453 2044 601 2105 adversus
621 2043 877 2105 Lacedaemonios
897 2043 1083 2122 haberetque
1104 2040 1152 2106 20

100 2126 236 2208 collegas
258 2127 348 2202 duos,
376 2147 504 2207 quorum
530 2129 609 2191 alter
634 2132 701 2190 erat
726 2128 899 2210 Pelopidas.
944 2128 993 2189 Ibi
1013 2146 1083 2189 cum

98 2214 222 2292 tempus
247 2212 369 2294 imperii
400 2217 558 2295 peractum
585 2218 674 2289 00001,
701 2213 930 2295 Epaminondas
954 2215 1082 2295 imperio
1136 2269 1139 2275 .

98 2316 161 2359 non
183 2298 314 2360 decessit
332 2299 474 2379 idemque
495 2303 531 2360 ut
555 2301 704 2376 10001011,
732 2301 885 2381 persuasit
904 2299 1032 2381 collegis
1052 2306 1084 2361 et

98 2382 225 2459 bellum,
242 2384 321 2463 qnod
333 2388 518 2466 susceperat,
531 2386 635 2466 gessit.
658 2385 799 2467 Namque
810 2386 1082 2461 animadvertebat,

96 2468 160 2529 nisi
173 2468 206 2529 id
221 2469 351 2545 fecisset,
373 2473 493 2552 tempus
507 2473 552 2532 rei
572 2472 650 2533 bene
670 2472 824 2551 gerendae
837 2471 1082 2553 praeteriturum.
1105 2468 1152 2534 25

98 2553 179 2616 Erat
193 2555 246 2615 lex
260 2555 380 2631 Thebis,
395 2576 475 2636 quae
489 2560 587 2617 morte
607 2558 772 2632 multabat,
796 2558 823 2618 01
838 2557 906 2637 quis
920 2557 1083 2639 imperium

99 2640 217 2701 diutius
232 2641 418 2717 retinuisset,
441 2661 533 2721 quam
554 2643 625 2722 lege
648 2642 842 2724 praefinitum
863 2644 950 2704 10101.
995 2641 1085 2704 Hanc

99 2724 329 2806 Epaminondas
345 2745 414 2788 cum
428 2727 615 2809 reipublicae
635 2728 861 2790 conservandae
882 2745 975 2789 causa
988 2726 1084 2788 101011

98 2811 230 2886 videret,
255 2813 293 2873 ad
308 2813 474 2894 perniciem
489 2813 623 2875 civitatis
638 2814 776 2875 conferre
797 2812 895 2874 noluit
909 2815 941 2874 et
955 2815 1085 2892 quatuor

98 2898 258 2959 mensibus
268 2899 393 2974 diutius,
405 2918 497 2977 quam
509 2899 640 2981 populns
650 2899 789 2973 iusserat,
805 2898 903 2978 gessit
912 2898 1082 2980 imperium.
1106 2894 1150 2962 30

187 2982 355 3064 Postquam
380 2985 504 3047 domum
530 2986 664 3046 reditum
689 2987 745 3069 est,
774 2985 912 3064 collegae
935 2985 1001 3046 eins
1027 2983 1172 3047 hocVIII

101 3068 232 3131 crimine
248 3071 477 3132 accusabantur.
523 3071 642 3142 Quibus
657 3071 711 3132 ille
730 3070 871 3151 permisit
876 3102 897 3148 ,·
909 3074 945 3132 ut
964 3091 1085 3134 0111011

99 3172 227 3217 cansam
246 3156 279 3216 in
299 3174 334 3217 se
354 3158 557 3219 transferrent
577 3162 693 3238 suaqu'e
712 3175 806 3237 opera
827 3157 942 3220 10011111
963 3161 1085 3221 conten·

99 3239 219 3317 derent,
233 3245 270 3303 ut
282 3242 346 3323 legi
361 3261 421 3304 non
436 3243 603 3304 obedirent.
647 3242 719 3313 Qua
733 3243 910 3306 defensione
922 3243 987 3304 illis
1006 3242 1085 3323 peri·
1195 3278 1198 3283 ,

100 3326 170 3388 culo
184 3327 325 3389 liberatis
344 3347 432 3389 nemo
447 3326 691 3410 Epaminondam
711 3347 929 3411 responsurum
947 3327 1083 3410 putabat,
1106 3320 1154 3388 35

99 3415 183 3492 quod
197 3413 272 3493 quid
286 3413 403 3475 diceret
415 3432 476 3476 nou
490 3415 624 3476 haberet.
658 3414 702 3476 At
716 3414 766 3476 hic
780 3415 811 3476 in
826 3414 975 3475 iudicium
989 3411 1083 3487 venit,

99 3497 179 3560 nibil
207 3517 314 3562 eorum
347 3500 490 3580 negauit,
521 3519 598 3579 quae
630 3500 800 3561 adversarii
825 3499 946 3560 crimini
971 3497 1087 3559 dabant

97 3584 277 3665 omniaque,
301 3603 380 3666 quae
399 3585 537 3667 collegae
557 3585 714 3662 dixerant,
737 3585 892 3648 confessus
906 3586 967 3660 001,
987 3602 1087 3665 neque
