2504 4080
463 279 653 347 armeus.
988 280 1052 346 127

62 453 96 515 in
112 454 338 523 adolescentulo
361 473 473 534 magna
493 457 573 530 erat,
597 473 687 534 saepe
709 453 773 515 suis
794 456 901 536 opibus
915 455 1051 536 inopiam

62 560 167 603 eorum
176 540 329 620 publicam
336 540 461 602 levavit.
476 536 554 601 Cum
562 540 643 601 enim
650 559 811 601 uersuram
821 542 922 603 facere
929 542 1051 623 publice

45 645 188 707 ⁵necesse
210 629 293 687 esset
313 645 413 705 neque
433 626 499 687 eius
520 625 728 688 condicionem
749 644 878 705 aequam
892 628 1049 704 haberent,

63 732 185 793 semper
199 732 233 772 se
247 711 438 792 interposuit,
453 719 544 790 atque
555 711 607 787 ita,
624 716 659 772 ut
669 731 767 789 nequa
778 732 903 773 usuram
914 713 1049 792 iniquam

60 798 101 860 ab
116 798 161 857 eis
175 797 335 877 acceperit,
358 817 456 877 nequa
471 797 593 877 longius
608 816 699 877 quam
713 797 829 859 dietum
843 802 927 859 esset
938 798 1049 860 debere
1091 793 1120 859 5

61 902 172 964 passus
187 884 234 943 sit.
258 882 349 952 Quod
364 888 527 963 utrumque
542 886 609 944 erat
623 882 668 942 eis
684 882 824 945 salutare.
855 883 935 946 Nam
950 904 1049 964 nsque

62 969 250 1048 indulgendo
271 969 497 1030 inveterascere
519 988 624 1030 eorum
646 988 697 1030 aes
720 969 853 1029 alienum
876 970 1050 1050 patiebatur

60 1074 162 1134 neque
177 1053 417 1134 multiplicandis
432 1054 532 1115 usuris
548 1072 693 1115 crescere.
727 1053 827 1116 Auxit
843 1055 900 1116 hoc
914 1055 1048 1117 officium

63 1139 125 1202 alia
139 1159 258 1220 quoque
269 1140 459 1202 liberalitate.
484 1139 563 1202 Num
575 1141 735 1202 universos
746 1140 898 1204 frumento
913 1141 1047 1216 donavit,

62 1226 108 1287 ita
127 1232 162 1286 ut
183 1225 314 1304 singulis
335 1231 452 1306 septem
472 1226 567 1288 modii
588 1227 682 1287 tritici
697 1226 857 1289 darentur:
873 1227 925 1306 qui
940 1228 1048 1290 modus
1071 1222 1120 1288 10

62 1330 226 1373 mensurae
240 1310 410 1372 medimnus
425 1310 557 1373 Athenis
572 1312 752 1392 appellatur.

149 1396 210 1457 Hic
225 1401 327 1457 autem
342 1397 386 1458 sie
400 1418 433 1458 se
447 1398 588 1477 gerebat,
609 1399 644 1456 ut
659 1396 826 1457 communis
840 1396 967 1473 infimis,
987 1418 1044 1477 par
1060 1395 1113 1458 ΠΙ

62 1482 252 1564 principibus
266 1482 432 1544 videretur.
458 1481 527 1551 Quo
542 1482 654 1544 factum
670 1487 726 1558 est,
740 1486 775 1541 ut
790 1483 861 1542 huie
875 1502 979 1543 omnes
995 1484 1048 1543 ho-

62 1588 155 1629 nores
181 1589 255 1647 quos
282 1572 406 1649 possent
431 1568 552 1648 publiea
577 1567 725 1628 haberent
755 1568 915 1648 civemque
946 1569 1048 1628 facere

63 1653 235 1714 studerent:
248 1674 307 1734 quo
318 1653 463 1715 beneficio
474 1654 528 1714 ills
539 1655 584 1713 uti
595 1654 694 1714 noluit
702 1654 792 1733 [qued
799 1654 938 1715 nonnulli
949 1654 992 1715 ita
1003 1655 1047 1714 in·
1071 1647 1119 1713 15·

62 1742 270 1819 terpretantur
281 1740 380 1800 amitti
390 1741 546 1801 civitatem
553 1739 721 1800 Romanam
735 1740 915 1821 aliaaseital.
933 1739 1048 1809 Quam·

65 1825 119 1885 diu
135 1824 226 1900 affuit,
242 1845 281 1885 ne
294 1845 353 1904 qua
364 1826 422 1887 sibi
433 1831 534 1887 statua
546 1832 710 1906 poneretur
720 1826 842 1900 restitit,
858 1826 967 1886 absens
979 1846 1047 1905 pro-

62 1910 168 1971 hibere
193 1931 252 1972 non
278 1912 384 1990 potuit.
429 1913 538 1992 Itaque
562 1912 678 1991 aliquot
700 1911 759 1991 ipsi
782 1916 813 1972 et
834 1910 947 1972 Midiae
971 1911 1047 1972 loeis

66 1997 266 2057 sanctissimis
281 2001 461 2077 posuerunt:
481 1999 562 2059 hunc
584 1997 665 2057 enim
685 1997 718 2056 in
738 1997 820 2058 omni
835 1997 1047 2078 procuratione

62 2082 109 2143 rei
124 2083 264 2162 publicae
279 2087 412 2144 actorem
432 2089 645 2162 auctoremque
666 2083 826 2143 habebant.
872 2082 973 2162 Igitur
987 2083 1047 2163 pri·
1070 2073 1120 2141 20'

64 2188 148 2228 mum
162 2168 239 2228 illud
254 2189 364 2230 munus
379 2169 520 2231 fortunae
542 2170 628 2244 suit,
649 2169 729 2249 quod
751 2169 783 2228 in
806 2187 842 2230 ea
855 2168 1048 2248 potissimum

63 2254 141 2314 urbe
161 2262 251 2315 natus
272 2259 331 2330 est,
355 2256 387 2315 in
408 2275 468 2336 qua
489 2255 678 2316 domicilium
698 2255 779 2314 orbis
800 2259 949 2315 terrarum
966 2267 1048 2316 esset

63 2339 199 2419 imperii,
221 2344 256 2400 ut
276 2339 404 2401 eandem
424 2345 456 2401 et
476 2341 606 2421 patriam
628 2341 754 2401 haberet
774 2349 805 2400 et
825 2340 962 2414 domum,
989 2341 1047 2401 hoc

63 2426 217 2506 specimen
233 2427 421 2506 prudentiae,
437 2428 528 2505 quod,
544 2445 612 2486 cum
627 2426 659 2485 in
674 2445 740 2486 eam
756 2445 790 2486 se
805 2427 962 2488 ciuitatem
978 2444 1047 2487 con-

65 2511 203 2584 tulisset,
226 2531 303 2590 quae
323 2512 518 2591 antiquitate,
540 2512 728 2573 humanitate
749 2512 946 2593 doctrinaque
961 2531 1046 2591 prae·
1068 2501 1118 2567 25·

64 2600 161 2658 staret
175 2617 288 2671 omnes,
304 2617 382 2657 unus
398 2597 426 2657 ei
442 2598 500 2659 fuit
515 2598 699 2658 carissimus.

150 2682 221 2743 Huc
235 2703 275 2743 ex
289 2682 367 2744 Asia
381 2681 468 2744 Sulla
483 2683 634 2744 decedens
648 2701 718 2743 eum
732 2682 881 2757 venisset,
903 2682 1048 2760 quamdiu
1064 2672 1113 2736 IV
1147 2726 1153 2731 .

63 2767 108 2828 ibi
123 2769 189 2843 fuit,
207 2786 308 2829 seeum
326 2769 432 2830 habuit
446 2769 656 2849 Pomponium,
680 2771 786 2848 captus
801 2768 1001 2829 adolescentis
1017 2771 1048 2828 et

61 2854 253 2915 humanitate
268 2859 298 2915 et
313 2855 457 2916 doctrina.
503 2852 649 2916 Sicorim
665 2850 782 2914 Graece
796 2854 991 2933 loquebatur,
1012 2856 1047 2914 ut

61 2936 195 3000 Athenis
215 2945 305 3001 natus
324 2942 496 3003 videretur:
518 2942 604 3002 tanta
623 2941 725 3001 autem
745 2939 882 3000 suavitas
903 2947 969 3001 erat
983 2960 1045 3000 ser·
1068 2930 1118 2995 30

63 3025 163 3086 monis
171 3023 283 3104 Latini,
294 3031 329 3088 ut
340 3032 501 3108 appareret
512 3027 544 3086 in
555 3025 737 3088 sanativum
748 3026 901 3104 quendam
912 3027 1048 3106 leporem

64 3131 142 3186 esse,
158 3131 218 3172 non
233 3113 374 3174 ascitum:
397 3114 477 3174 idem
492 3116 633 3195 poemata
653 3112 869 3192 pronuntiabat
883 3116 914 3173 et
930 3111 1048 3174 Graece

63 3201 95 3257 et
109 3195 219 3259 Latine
234 3198 290 3273 sic,
313 3206 348 3259 ut
369 3218 462 3280 supra
483 3199 558 3260 nihil
580 3204 684 3279 posset
697 3198 777 3258 addi.
823 3198 942 3268 Quibus
956 3198 1048 3258 rebus

63 3283 251 3360 factumest,
266 3289 300 3345 ut
315 3283 401 3347 Sulla
415 3303 564 3365 nusquam
581 3285 619 3345 ab
634 3303 667 3345 se
682 3284 851 3345 dimitteret
865 3286 1047 3364 cuperetque

64 3387 167 3429 secum
183 3369 341 3431 deducere.
374 3370 519 3439 Quicum
539 3370 723 3451 persuadere
746 3374 922 3450 temptaret,
944 3367 1045 3442 Noli,
1069 3355 1120 3421 35·

67 3471 131 3514 ore
154 3460 203 3530 te,
220 3455 319 3535 iuquit
332 3455 528 3537 Pomponius,
551 3455 750 3517 adversum
776 3474 838 3516 eos
864 3473 919 3513 me
944 3453 1048 3513 velle

65 3538 216 3617 ducere,
241 3561 323 3602 eum
347 3543 483 3621 quibus
504 3561 548 3602 ne
571 3546 706 3603 eontra
727 3539 1045 3614 taarmaferrem,

62 3625 222 3689 Italiam
242 3627 394 3708 reliqui.
438 3627 482 3690 At
496 3626 583 3691 Sulla
602 3625 805 3691 adolescentis
819 3624 919 3689 officio
935 3625 1050 3686 collau-
