2504 4080
179 250 223 316 60
516 251 557 313 Χ.
581 247 822 313 AGESILAUS.

178 428 229 485 tur
243 423 397 484 fortunam
413 419 575 497 Graeciae,
592 422 673 501 quod
693 423 757 482 tam
771 419 861 482 multi
876 419 952 482 vitio
968 419 1165 482 adversario-

178 529 246 569 rum
269 507 462 582 cecidissent;
487 526 619 586 namque
639 507 693 568 illa
706 505 914 581 multitudine,
941 505 968 565 si
991 524 1068 567 sana
1083 508 1166 567 esset

179 613 266 655 mens
288 591 451 669 Graeciae,
475 593 658 674 supplicium
674 590 785 653 Persas
805 592 879 653 dare
893 591 1039 671 potuisse.
1087 589 1162 652 (lum

178 680 240 741 iam
264 678 345 740 haud
365 678 409 741 ita
430 679 522 758 longe
543 679 664 739 abesset
683 697 701 739 a
720 677 944 758 Peloponneso,
968 677 1119 738 obsistere
1133 677 1162 737 ei

136 762 158 827 5
181 765 280 828 eonati
304 768 374 825 sunt
387 764 592 826 Athenienses
612 767 644 823 et
658 763 777 825 Boeotii
797 762 950 842 ceterique
964 781 1070 823 eorum
1088 762 1161 824 socii

179 852 262 933 apud
278 848 459 926 Coroneam,
478 870 553 930 quos
568 869 672 910 omnes
687 849 776 929 gravi
791 848 908 929 proelio
931 846 1015 908 vicit.
1060 847 1164 909 Huius

179 937 327 999 victoriae
342 937 394 997 vel
408 936 544 997 maxima
557 935 617 996 fuit
629 934 706 1010 laus,
722 935 802 1015 quod
817 954 886 995 cum
900 933 990 994 multi
1004 953 1046 994 ex
1057 952 1162 1014 pugna

179 1045 214 1085 se
227 1024 260 1084 in
274 1023 421 1100 templum
437 1021 653 1096 coniecissent,
676 1024 932 1100 quaerereturque
952 1039 993 1079 ex
1012 1039 1064 1094 00,
1089 1019 1161 1098 quid

178 1109 242 1170 illis
256 1107 323 1167 fieri
337 1107 447 1181 vellet,
471 1106 529 1167 etsi
545 1106 661 1185 aliquot
675 1107 805 1166 vulnera
819 1109 979 1185 acceperat
993 1124 1030 1166 00
1045 1105 1161 1185 proelio

116 1191 158 1254 10
179 1197 211 1255 et
224 1193 320 1252 iratus
335 1191 497 1252 videbatur
514 1191 661 1267 omnibus,
678 1191 730 1272 qui
744 1192 892 1253 adversus
907 1209 992 1252 arma
1015 1191 1159 1265 tulerant,

179 1282 283 1340 tamen
308 1277 452 1337 antetulit
476 1277 541 1338 irae
566 1277 748 1356 religionem
774 1280 806 1338 et
838 1296 891 1338 eos
915 1275 1015 1337 vetuit
1039 1275 1162 1338 violari.

178 1363 287 1441 Neque
300 1382 375 1424 vero
390 1363 447 1423 hoe
462 1364 560 1424 solum
572 1363 603 1423 in
617 1360 746 1424 Graecia
760 1361 843 1437 fecit,
859 1368 894 1423 ut
907 1361 1020 1442 templa
1035 1362 1162 1423 deorum

180 1451 285 1511 sancta
299 1448 437 1523 haberet;
454 1450 508 1509 sed
524 1449 616 1510 etiam
631 1449 712 1528 apud
726 1449 871 1509 barbaros
883 1466 1001 1508 summa
1011 1447 1165 1526 religione

180 1535 282 1597 omnia
298 1535 460 1597 simulacra
473 1554 602 1614 arasque
618 1533 819 1595 conservavit.
857 1531 1067 1593 Existimabat
1080 1533 1162 1593 enim

14 1616 17 1621 ’
115 1615 157 1680 15
179 1623 414 1684 consentaneum
441 1640 502 1681 000
523 1640 604 1693 0000,
633 1639 686 1680 000
709 1619 761 1698 qui
782 1620 854 1681 iana
881 1617 1049 1699 spoliarent
1069 1618 1162 1679 sacri·

178 1708 266 1785 lagos
290 1706 406 1780 dicere,
433 1705 485 1784 qui
514 1725 588 1765 vero
617 1705 805 1784 supplicibus
830 1723 952 1766 ararum
976 1704 1162 1779 nocuissent,

180 1792 247 1872 pios
262 1790 382 1850 habere.
480 1826 487 1833 ,.

93 1873 154 1936 vll
266 1873 344 1936 (lum
359 1875 452 1936 etiam
465 1874 498 1935 in
514 1874 623 1936 itinere
638 1879 727 1951 esset,
744 1876 834 1955 paulo
850 1878 920 1936 ante
934 1893 1071 1955 pugnam
1085 1893 1162 1934 nun·

178 1962 255 2023 tium
277 1962 395 2042 accepit
415 1960 599 2022 Pisandrum
620 1980 723 2041 pugna
742 1962 846 2022 navali
866 1961 906 2022 ad
927 1957 1058 2021 Cnidum
1080 1960 1164 2021 facta

115 2041 159 2108 20
179 2047 295 2108 rictum
322 2053 353 2108 et
376 2048 570 2108 interiectum
596 2067 671 2108 0000.
716 2046 764 2108 Ne
789 2047 885 2126 igitur
908 2045 1003 2107 animi
1027 2045 1162 2106 militum

180 2133 427 2208 debilitarentur,
451 2133 562 2214 quippe
585 2153 654 2194 cum
675 2132 824 2213 proelium
845 2133 985 2206 instaret,
1008 2131 1046 2191 de
1062 2133 1162 2192 morte

180 2219 302 2297 quidem
313 2219 455 2279 Pisandri
471 2239 522 2279 eos
536 2239 596 2280 non
611 2219 732 2294 celavit,
749 2219 804 2279 sed
814 2217 919 2280 addidi
929 2217 1046 2278 thestes
1058 2235 1164 2297 pugna

180 2304 278 2364 victos
308 2322 382 2364 esse.
432 2302 508 2365 Post
535 2306 685 2385 proelium
712 2324 785 2366 vero
809 2301 981 2366 Coronense
1008 2302 1165 2383 paulisper

180 2390 314 2449 moratus
335 2389 374 2448 ad
393 2389 523 2450 vulnera
545 2391 679 2452 curanda
697 2391 800 2451 statim
814 2389 1075 2450 Lacedaemonem
1094 2407 1165 2468 pre

117 2468 160 2534 25
181 2474 279 2534 iectus
292 2473 395 2553 ibique
408 2474 573 2537 honorifice
587 2483 734 2557 exceptus
750 2477 813 2546 00οζ
837 2474 1078 2535 Admirabantur
1092 2493 1164 2534 eum

183 2578 287 2620 omnes
308 2579 369 2621 000
390 2563 507 2621 tantum
527 2562 566 2622 ob
581 2582 631 2623 res
645 2563 723 2623 bene
737 2564 856 2641 gestas,
879 2560 933 2621 sed
955 2559 1055 2638 magis
1070 2559 1164 2621 etiam

181 2647 306 2725 propter
334 2644 436 2706 victus
465 2647 692 2728 simplicitatem
721 2654 753 2708 et
786 2665 906 2708 morum
941 2645 1165 2724 integritatem.

179 2731 343 2792 Nemeum
357 2732 494 2793 maxima
508 2752 635 2795 munera
655 2734 684 2794 ei
702 2752 721 2794 a
740 2732 865 2811 regibus
886 2735 918 2792 et
932 2731 1073 2811 dynastis
1090 2730 1164 2791 civi·

180 2818 355 2897 tatibusque
379 2822 482 2879 essent
506 2819 632 2896 collata,
664 2818 741 2878 nihil
766 2812 899 2898 unquam
925 2817 1048 2878 domum
1075 2835 1166 2877 suam

116 2894 159 2961 30
181 2903 308 2978 avertit,
334 2904 412 2965 nihil
437 2905 568 2966 mutavit
590 2905 628 2965 de
649 2903 747 2984 patrio
768 2904 866 2977 victu,
889 2903 966 2963 nihil
987 2902 1026 2962 de
1047 2903 1165 2964 vestitu

182 2985 347 3060 Laconum,
363 2989 443 3066 quod
458 2990 596 3069 plerique
611 2990 703 3050 duces
718 2989 867 3064 fecerant,
890 2990 945 3049 sed
967 2988 1055 3068 quasi
1076 3008 1164 3048 num·

182 3089 274 3150 quam
288 3069 436 3148 Eurotam
457 3075 633 3148 transisset,
652 3076 789 3133 veterem
809 3074 892 3136 vitae
913 3073 1166 3134 consuetudinem

180 3155 313 3217 retinuit.
358 3155 456 3218 Domo
478 3159 593 3236 exigua
612 3158 671 3218 fuit
696 3161 869 3234 contentus,
896 3159 982 3220 cuius
1006 3160 1058 3238 qui
1081 3159 1165 3221 iores

182 3241 368 3323 aspicerent,
395 3243 519 3303 easdem
543 3262 610 3304 esse
636 3243 807 3317 crederent,
841 3264 916 3324 quas
938 3245 1165 3321 Aristodemus,

117 3328 160 3392 35
182 3326 359 3410 progenitor
378 3327 526 3389 maiorum
546 3329 649 3404 huius,
673 3329 876 3409 imposuisset.
922 3329 1023 3399 Quam
1039 3331 1165 3393 domum

182 3415 234 3496 qui
255 3413 398 3488 intrarat,
425 3413 544 3474 nullum
566 3414 689 3493 signum
710 3415 859 3491 libidinis,
886 3416 1005 3477 nullum
1019 3416 1165 3478 luxuriae

182 3500 289 3562 videre
308 3501 441 3581 poterat,
465 3502 569 3562 contra
590 3520 627 3563 ea
648 3502 781 3583 plurima
801 3501 967 3583 patientiae
993 3506 1086 3582 atque
1112 3501 1166 3564 ab·

182 3584 361 3660 stineutia03
376 3584 421 3647 sic
435 3585 516 3646 euim
531 3586 680 3651 instructa
694 3591 768 3664 erat,
784 3587 865 3649 utin
880 3587 966 3649 nulla
980 3607 1014 3649 re
1029 3587 1169 3650 differret
