2504 4080
367 216 474 280 XXII.
499 216 729 281 HANNIBAL.
978 217 1041 282 123

43 391 125 463 ouo
138 409 206 451 cum
213 388 410 451 multitudiue
422 390 666 453 adversariorum
677 388 726 451 sui
737 393 963 472 superarentur,
975 392 1042 473 ipse

53 497 116 558 quo
131 495 225 536 cornu
240 495 305 536 rem
320 476 418 554 gessit
432 476 492 536 fuit
506 476 654 557 superior.

142 560 293 623 Antiocho
318 562 426 640 fugato
452 581 563 622 verens
588 581 628 622 ne
654 561 831 639 dederetur,
867 564 947 642 quod
973 563 1040 624 sine
1061 561 1128 624 XII

53 648 148 710 dubio
165 647 339 721 accidisset,
367 648 394 707 si
419 647 466 708 sui
492 648 617 707 fecisset
637 650 834 726 potestatem,
863 645 985 710 Cretam
1001 650 1041 711 ad

22 731 225 817 “Gortynis
251 734 349 807 veuit,
378 754 398 793 u
437 733 480 794 ibi
505 752 564 812 quo
592 753 625 793 se
648 735 798 794 conferret
824 732 1085 796 consideraretb

53 820 145 882 Vidit
170 824 272 879 autem
298 819 347 879 uir
376 819 510 880 omnium
536 818 752 880 callidissimus
779 837 890 898 magno
917 839 950 880 se
977 820 1042 881 fore

10 912 16 921 “
53 905 210 988 periculo,
234 905 293 965 nisi
314 905 387 984 quid
401 904 587 984 providisset
600 908 725 985 propter
740 906 902 965 avaritiam
918 902 1042 966 Creten-

55 991 144 1051 sium.
189 989 336 1070 Magnam
350 991 431 1051 enim
447 1011 550 1051 secum
565 992 725 1072 pecuniam
745 991 898 1070 portabat,
924 991 962 1051 do
984 1009 1044 1070 qua

52 1077 172 1138 sciebat
187 1077 289 1136 exisse
304 1078 425 1137 famam.
463 1077 571 1155 Itaque
588 1076 650 1137 tale
665 1076 824 1137 consilium
840 1077 928 1156 cepit.
967 1076 1041 1136 Am·

53 1163 168 1245 phoras
191 1163 362 1242 complures
385 1163 517 1242 complet
538 1162 676 1242 plumbo,
699 1182 834 1223 summas
855 1163 954 1243 operit
968 1181 1041 1224 auro
1065 1159 1109 1226 10

47 1252 87 1311 et
116 1251 252 1326 argento.
303 1248 368 1309 Has
399 1249 610 1327 praesentibus
639 1248 828 1328 principibus
859 1249 983 1330 deponit
1012 1250 1044 1310 in

52 1333 171 1414 templo
192 1333 310 1393 Dianae
331 1335 479 1394 simulans
503 1354 536 1394 se
559 1353 629 1394 suas
661 1334 798 1395 fortunas
824 1334 946 1395 illorum
972 1335 1044 1395 fidei

49 1420 192 1483 credere.
237 1418 295 1478 His
317 1420 349 1478 in
371 1439 506 1480 errorem
529 1420 661 1480 inductis
689 1422 805 1479 statuas
832 1439 942 1479 aeneas
969 1439 1044 1497 quas

52 1523 161 1567 secum
176 1504 317 1584 portabat
339 1506 420 1566 omni
436 1524 492 1565 sua
506 1505 635 1585 pecunia
651 1505 783 1585 complet
797 1523 908 1583 casque
930 1506 960 1564 in
976 1524 1045 1584 pro·

55 1591 164 1673 patulo
180 1591 262 1651 domi
277 1591 376 1652 abicit.
409 1588 554 1671 Gortynii
565 1590 714 1671 templum
730 1608 842 1669 magna
857 1608 931 1651 cura
946 1596 1044 1651 custo·
1068 1587 1110 1651 15

51 1677 160 1751 diunt,
186 1696 246 1737 non
272 1679 335 1738 tam
360 1697 378 1737 a
404 1678 512 1737 ceteris
537 1696 628 1756 quam
650 1677 688 1738 ab
710 1675 897 1750 Hannibale,
927 1696 965 1737 ne
991 1674 1044 1736 ille

56 1763 256 1824 inscientibus
271 1763 346 1842 ipsis
361 1763 483 1823 falleret
497 1781 660 1842 secumque
676 1762 808 1824 duceret.

145 1845 196 1908 Sic
210 1849 399 1909 conservatis
414 1849 477 1909 suis
492 1849 583 1908 rebus
598 1847 719 1909 Poenus
734 1847 834 1908 illusis
847 1844 1133 1910 CretensibuaXIII

53 1932 100 1997 ad
126 1932 266 1995 Prusiam
292 1935 324 1994 iu
345 1933 477 1994 Pontum
504 1934 652 2014 pervenit.
703 1933 795 2013 Apud
821 1953 910 2012 quem
937 1934 1045 1994 eodem

51 2019 160 2083 auimo
182 2020 240 2080 fuit
263 2020 293 2079 in
309 2018 432 2080 Italiam
457 2039 555 2099 neque
576 2020 660 2079 aliud
682 2019 844 2098 quicquam
866 2019 931 2098 egIt
954 2037 1045 2098 quam
1066 2014 1111 2081 20

20 2124 23 2128 ·
54 2124 165 2183 regem
191 2105 323 2166 armavit
347 2110 379 2166 et
404 2105 544 2166 exercuit
565 2105 713 2165 adversus
735 2104 897 2165 Romanos.
944 2104 1045 2173 Quem

10 2198 12 2203 '
57 2209 130 2251 cum
144 2190 265 2252 videret
279 2191 455 2253 domesticis
470 2192 578 2271 opibus
594 2191 694 2251 minus
709 2210 777 2250 esse
791 2191 958 2264 robustum,
975 2208 1045 2250 con·

54 2276 183 2337 ciliabat
209 2281 326 2338 eeteros
355 2297 459 2356 reges,
490 2278 676 2356 adiungebat
703 2275 1044 2351 bellicosasnationes.

56 2360 235 2424 Dissidebat
261 2363 299 2423 ab
326 2381 361 2423 eo
381 2363 592 2441 Pergamenus
618 2383 676 2423 rex
701 2361 871 2436 Eumenes,
897 2360 1045 2423 Romanis

53 2447 276 2523 amicissimus,
306 2447 480 2528 bellumque
505 2449 586 2509 inter
611 2469 662 2510 eos
685 2449 849 2526 gerebatur
871 2450 902 2508 et
921 2447 999 2508 mari
1015 2450 1046 2506 et
1067 2442 1112 2509 25

56 2536 156 2607 terra3
178 2554 237 2614 quo
262 2535 360 2612 magis
381 2535 522 2615 cupiebat
544 2553 614 2594 eum
629 2534 785 2595 Hannibal
800 2533 939 2614 opprimi.
985 2529 1046 2593 Sed

55 2620 220 2698 utrobique
250 2619 404 2680 Eumenes
433 2621 503 2701 plus
532 2620 657 2681 valebat
685 2630 811 2699 propter
839 2619 1046 2680 Romanorum

55 2706 245 2766 societatem.
274 2705 376 2776 Quem
390 2707 416 2766 si
431 2707 620 2780 removisset,
638 2705 776 2766 faciliora
791 2704 849 2764 sibi
865 2707 968 2764 cetera
981 2703 1046 2763 fore

53 2790 273 2853 arbitrabatur.
297 2792 347 2853 Ad
359 2792 440 2852 bunc
451 2791 691 2852 interficiendum
702 2790 797 2852 talem
808 2789 877 2849 iniit
887 2788 1044 2848 rationem.

54 2873 167 2937 (llasse
181 2878 287 2957 paucis
299 2878 407 2939 diebus
418 2880 505 2939 erant
516 2877 677 2938 decreturi.
702 2873 910 2955 Superabatur
921 2872 1047 2934 navium
1068 2869 1114 2937 30

55 2961 268 3037 multitudiue3
293 2964 364 3025 dolo
386 2967 454 3026 erat
473 2964 685 3044 pugnandum,
714 2980 782 3021 cum
805 2979 861 3041 par
884 2979 944 3021 non
966 2964 1048 3021 esset

56 3046 163 3109 armis.
207 3049 378 3130 Imperavit
405 3070 496 3130 quam
521 3048 669 3129 plurimas
695 3051 862 3108 venenatas
889 3049 1047 3126 serpentes

57 3133 155 3197 muas,
171 3135 276 3214 colligi
296 3154 409 3215 easque
429 3136 461 3196 in
481 3153 556 3196 vasa
570 3133 678 3195 fictilia
693 3133 798 3194 conici.
843 3131 963 3194 Harum
978 3150 1048 3194 cum

54 3216 211 3281 effecisset
231 3240 376 3300 magnam
399 3221 642 3296 multitudinem,
670 3220 720 3281 die
745 3219 812 3301 ipso
837 3239 896 3298 quo
911 3219 1047 3280 facturus

56 3312 127 3367 erat
151 3307 263 3368 navale
282 3306 432 3387 proelium
455 3306 628 3368 classiarios
654 3308 802 3367 convocat
827 3304 935 3385 hisque
961 3321 1047 3383 prae-
1069 3297 1114 3365 35

56 3390 144 3471 cipit,
160 3412 264 3454 omnes
279 3392 356 3452 utin
368 3410 460 3453 unam
472 3391 619 3453 Eumenis
634 3392 718 3472 regis
732 3410 843 3452 navam
856 3390 1046 3462 concurrant,

54 3494 79 3539 a
94 3479 204 3539 ceteris
218 3477 293 3539 satis
308 3477 441 3539 habeant
455 3497 489 3538 sa
504 3477 678 3539 defendere.
723 3477 763 3538 Id
784 3475 854 3537 illos
875 3473 966 3535 facile
987 3492 1051 3533 ser-

56 3563 198 3645 pentium
211 3563 410 3625 multitudine
424 3565 648 3625 consecuturos.
686 3562 756 3623 Rex
776 3563 879 3623 autem
894 3577 955 3639 qua
968 3577 1050 3621 nave
