2504 4080
177 236 216 301 16
465 238 507 299 H.
532 235 857 299 THEMISTOOLES.

174 411 310 481 hostibus
332 410 407 470 adeo
429 412 559 490 angusto
580 408 657 470 mari
678 409 827 483 conflixit,
851 412 885 469 ut
906 408 971 469 eius
985 409 1152 471 multitudo

174 497 298 556 narium
315 495 462 576 explicari
475 515 536 558 non
546 498 658 576 posset.
680 494 787 556 Victus
798 498 845 555 est
860 515 932 574 ergo
944 495 1043 575 magis
1059 495 1152 557 etiam

175 581 300 643 consilio
316 581 536 656 Themistoclis,
552 600 644 661 quam
657 580 750 640 armis
765 577 920 642 Graeciae.

113 663 160 725 VI
259 667 321 728 Hic
342 667 400 729 etsi
421 687 485 728 rem
504 667 584 728 male
605 672 756 745 gesserat,
780 669 882 729 tamen
902 669 1003 726 tantas
1018 667 1151 728 habebat

132 747 153 811 5
175 753 318 833 reliquias
345 754 515 833 copiarum,
543 756 577 812 ut
599 753 757 813 etiamtum
782 753 830 812 his
857 752 1027 832 opprimere
1047 755 1152 832 posset

175 840 285 901 hostes.
330 838 390 900 Sed
415 840 530 900 veritus
550 858 590 899 ne
605 836 715 900 Graeci
734 839 772 899 ad
787 842 909 918 pontem
924 837 1106 899 solvendum
1120 839 1151 899 in

175 925 409 1006 Hellespontum
423 925 612 1002 navigarent,
628 925 666 984 de
680 924 754 1002 fuga
766 924 926 1004 cogitabat.
962 921 1038 985 Cum
1049 929 1151 985 autem

176 1032 244 1073 eum
259 1011 399 1072 timorem
414 1010 517 1089 detegi
531 1010 641 1085 nollet,
664 1010 821 1070 simulavit
835 1030 868 1070 sa
882 1010 995 1070 bellum
1010 1029 1151 1091 persecu-

176 1103 278 1157 turum
293 1115 368 1156 esse.
413 1096 491 1156 Tum
504 1095 688 1169 Mardonius,
705 1096 756 1173 qui
771 1096 927 1173 ingenium
941 1095 1023 1174 regis
1038 1099 1151 1173 nosset,

113 1175 155 1243 10
176 1182 346 1261 suspicatus
361 1201 431 1241 eum
444 1183 550 1259 lugam
565 1181 691 1260 agitare,
712 1179 767 1260 prc'
783 1201 816 1242 se
831 1181 896 1261 ipso
912 1181 1060 1243 sollicitus
1077 1186 1150 1256 erat,

176 1287 214 1328 ne
234 1285 346 1347 poenas
364 1266 460 1342 daret,
481 1267 532 1346 qui
546 1286 652 1344 regem
671 1266 710 1326 ad
730 1266 843 1326 bellum
859 1263 1007 1327 Graeciae
1021 1267 1151 1328 inferen-

176 1354 249 1414 dum
263 1353 488 1426 commovisset3
509 1352 599 1412 simul
614 1355 715 1413 autem
729 1371 853 1432 sperans
865 1373 898 1412 se
909 1350 1072 1414 Graeciam
1084 1354 1151 1414 sub·

176 1444 314 1501 acturum
328 1459 404 1514 esse,
427 1458 532 1519 regem
546 1437 734 1517 aggreditur,
756 1438 843 1517 eique
862 1439 1038 1518 persuadet,
1061 1444 1098 1499 ut
1119 1458 1151 1500 se

177 1545 247 1586 cum
269 1526 414 1586 trecentis
437 1525 560 1585 milibus
582 1524 714 1585 militum
734 1523 933 1604 relinqueret,
963 1525 1028 1603 ipse
1049 1530 1151 1586 autem

114 1602 155 1667 15
177 1631 247 1672 cum
274 1612 391 1690 reliquo
415 1611 552 1672 exercitu
578 1611 611 1671 in
632 1608 738 1670 Asiam
765 1610 887 1672 rediret.
933 1610 1152 1673 Themistocles

177 1694 311 1758 Graecos
325 1697 441 1757 hortari
456 1697 580 1772 studuit,
602 1701 637 1756 ut
650 1700 772 1777 pontem
784 1696 816 1757 in
826 1696 1026 1775 Hellesponto
1038 1697 1152 1757 factum

175 1783 393 1858 rescinderent,
409 1801 467 1860 quo
482 1801 539 1842 rex
553 1782 679 1862 periret3
702 1783 774 1842 huic
793 1787 896 1843 tamen
911 1781 1036 1843 oonsilio
1051 1781 1152 1863 Eury-

177 1867 283 1929 biades
313 1887 381 1928 cum
410 1868 519 1927 ceteris
553 1866 782 1947 Peloponnesiis
812 1867 944 1944 obstitit,
974 1867 1086 1928 timens
1116 1888 1153 1929 ne

177 1953 302 2013 Xerxes
317 1953 478 2032 desperata
492 1953 591 2012 salute
605 1953 712 2013 ultima
726 1954 860 2032 experiri
871 1959 1039 2031 cogeretur.
1076 1954 1153 2015 Tum

113 2029 156 2094 20
179 2039 396 2101 Themistocles
407 2037 620 2113 Athenienses,
640 2038 691 2117 qui
706 2039 744 2098 ad
760 2038 919 2099 consiliam
938 2039 1034 2119 ipsius
1051 2058 1152 2100 acces·

177 2130 288 2201 serant,
308 2125 434 2186 retinuit
447 2144 485 2184 ne
500 2124 531 2184 id
545 2124 688 2199 facerent,
710 2124 777 2204 regi
791 2128 892 2184 autem
906 2125 1040 2185 nuntiari
1051 2125 1154 2200 iussit,

95 2203 305 2274 VIIIGraecis
319 2210 351 2270 in
365 2210 464 2272 animo
479 2209 574 2270 fuisse
589 2212 711 2289 pontem
726 2210 907 2284 dissolvere,
932 2211 986 2270 sed
1008 2229 1060 2271 eos
1081 2230 1101 2272 a
1121 2231 1154 2272 se

177 2297 345 2378 prohibitos
360 2315 435 2356 esse.
480 2295 548 2356 Hoc
563 2294 737 2357 Herodotus
753 2296 796 2356 ait
811 2316 881 2356 eum
903 2296 1027 2370 fecisse,
1053 2299 1103 2372 ut,
1127 2298 1154 2357 si

178 2382 296 2461 quando
307 2382 366 2442 sibi
376 2400 395 2442 a
407 2381 524 2441 civibus
536 2381 599 2441 suis
611 2383 733 2442 adversi
744 2381 817 2461 quid
828 2382 987 2456 accideret,
998 2382 1154 2462 refugium

113 2456 156 2522 25
177 2467 216 2529 ad
231 2467 363 2545 gratiam
376 2467 460 2546 regis
475 2471 601 2548 pateret.
646 2467 754 2546 Itaque
773 2487 829 2528 rex
849 2487 908 2546 qua
926 2475 1054 2546 quatuor
1069 2489 1153 2530 men·

177 2553 262 2613 isbus
276 2553 335 2614 iter
349 2555 471 2627 fecerat,
488 2553 594 2615 eadem
607 2553 661 2614 via
680 2552 880 2633 quadraginta
899 2553 1030 2633 quinque
1045 2554 1154 2616 diebus

178 2639 209 2700 in
231 2637 338 2700 Asiam
359 2639 488 2700 revertit
507 2659 601 2719 seque
629 2639 865 2701 aThemistocle
885 2658 944 2700 non
965 2646 1154 2719 superatum,

177 2726 232 2786 sed
262 2729 474 2786 conservatum
504 2725 659 2786 iudicavit.
709 2723 760 2786 Sic
788 2725 877 2785 unius
907 2724 966 2784 viri
991 2725 1156 2803 prudentia

178 2808 308 2873 Graecia
327 2811 456 2873 liberata
477 2816 525 2872 est
543 2809 744 2891 Europaeque
766 2811 925 2877 succubuit
938 2810 1021 2871 Asia.
1066 2810 1156 2874 Haec

113 2885 156 2951 30
177 2901 225 2958 est
238 2897 335 2958 altera
348 2898 486 2972 victoria,
507 2916 585 2975 quae
607 2917 675 2959 cum
690 2896 880 2957 Marathonio
896 2901 1018 2976 tropaeo
1033 2915 1154 2978 compa·
1179 2966 1189 2977 ⁵

176 2983 240 3043 rari
255 2982 358 3062 possit.
388 2983 468 3044 Nam
482 2983 549 3063 pari
563 2982 651 3043 modo
663 2982 743 3062 apud
756 2980 909 3043 Salamina
920 3001 1014 3062 parvo
1025 3002 1155 3044 numero

177 3067 303 3128 navium
334 3068 468 3130 maxima
496 3073 565 3148 post
589 3068 744 3129 hominum
770 3068 946 3128 memoriam
972 3068 1080 3130 classis
1106 3080 1158 3130 est·

178 3153 307 3215 devicta.
351 3154 417 3215 Nec
437 3154 534 3214 defuit
554 3153 750 3215 Themistocli
772 3153 875 3214 debita
896 3153 976 3228 laus,
997 3173 1068 3215 nam
1083 3175 1157 3216 cum

176 3240 392 3319 imperatorum
408 3259 441 3300 sc
456 3239 583 3318 quisque
597 3259 713 3300 summo
728 3240 841 3300 honore
852 3239 979 3319 dignum
993 3239 1154 3317 iudicaret,

113 3314 156 3381 35
177 3324 342 3386 secundum
365 3325 465 3386 locum
491 3325 530 3385 ad
555 3344 649 3385 unum
675 3345 779 3386 omnes
802 3325 849 3386 illi
874 3327 1053 3386 tribuerunt.
1109 3325 1160 3388 Et

177 3410 407 3473 Lacedaemonii
424 3409 593 3490 Eurybiadi
608 3409 729 3490 quidem
746 3411 940 3487 fortitudinis,
956 3411 1155 3474 Themistocli

178 3517 251 3559 vero
274 3495 392 3558 consilii
417 3496 585 3576 praemium
607 3501 832 3572 concesserunt,
862 3503 893 3557 et
919 3515 987 3557 cum
1012 3495 1156 3577 Spartam

95 3576 98 3588 '
178 3583 326 3659 venisset,
349 3601 439 3642 curru
459 3582 625 3643 bellissimo
646 3602 715 3643 eum
730 3583 920 3644 donaverunt
933 3583 1156 3664 abeuntemque

161 3848 255 4044 s
