2504 4080
228 255 281 320 -46
563 256 636 319 VII.
659 253 891 319 LYSANDER.

237 431 317 491 hanc
332 446 455 490 causam
470 427 662 491 dictitassent
676 426 736 488 sibi
752 446 820 488 esse
835 426 918 503 belli,
938 429 973 488 ut
987 425 1227 489 Atheniensium

237 515 435 594 impotentem
457 514 694 575 dominationem
715 513 934 592 refringerent,
958 515 1124 593 postquam
1145 512 1225 594 apud

170 602 175 612 “
238 600 343 678 Aegos
359 600 473 661 flumen
487 600 648 681 Lysander
663 599 762 660 classe
775 598 910 660 hostium
925 601 973 659 est
994 598 1128 678 potitus,
1150 596 1226 659 nihil

238 685 323 748 aliud
342 685 466 749 molitus
488 689 550 762 est,
570 685 631 746 nisi
651 687 687 745 ut
707 703 811 745 omnes
834 683 974 745 civitates
988 684 1021 745 iu
1035 702 1093 745 sua
1108 685 1227 746 teneret

194 768 216 831 ὃ
239 773 404 852 potestate,
441 789 510 832 cum
539 770 570 830 id
600 789 633 830 se
661 768 973 831 Lacedaemoniorum
1001 787 1095 831 cansa
1125 769 1225 831 tacere

195 921 197 927 ,
238 857 405 919 simularet.
448 857 588 935 Namque
614 855 762 934 undique,
794 855 846 934 qui
871 852 1108 916 Atheniensium
1134 853 1249 915 rebus·

239 943 427 1016 studuerant,
443 941 549 1004 eiectis
564 941 658 1001 denos
675 940 835 1019 delegarat
848 939 881 1000 in
894 958 1077 1020 unaquaque
1088 939 1223 1014 civitate,

240 1029 350 1107 quibus
365 1046 518 1087 summum
531 1026 692 1107 imperium
707 1028 949 1107 potestatemque
969 1025 1107 1087 omnium
1121 1043 1223 1087 rerum

239 1113 451 1174 committeret.
496 1110 615 1173 Horum
636 1111 669 1172 in
693 1131 853 1173 numerum
879 1130 967 1173 nemo
993 1111 1222 1186 admittebatur,

175 1195 216 1258 10
238 1197 299 1258 nisi
320 1197 373 1275 qui
394 1200 447 1258 aut
468 1196 533 1257 eius
554 1197 684 1278 hospitio
705 1197 919 1272 contineretur,
943 1200 997 1258 aut
1010 1215 1045 1258 se
1058 1195 1147 1257 illins
1160 1196 1223 1258 fore

238 1282 395 1362 proprium
412 1281 473 1343 fide
488 1281 691 1347 confirmarat.
734 1283 785 1344 Ita
799 1281 997 1345 decemvirali
1015 1284 1173 1364 potestate
1191 1281 1223 1342 iu

238 1367 377 1429 omnibns
392 1368 520 1429 urbibus
536 1369 702 1431 constituta
714 1368 811 1450 ipsius
822 1372 899 1429 nutu
914 1368 1016 1430 omnia
1025 1368 1223 1448 gerebantur.

236 1451 307 1523 Qua
328 1453 456 1534 perfidia
476 1457 508 1516 et
529 1453 710 1515 crudelitate
733 1472 770 1516 ea
783 1453 815 1515 in
829 1473 864 1515 re
878 1473 952 1515 usus
967 1453 1020 1529 sit,
1044 1453 1109 1514 iam
1131 1470 1223 1535 supra

237 1540 379 1621 exemplo
405 1540 586 1602 Thasiorum
611 1540 777 1602 docuimus.
828 1537 932 1620 Atque
957 1558 1026 1600 curn
1052 1538 1086 1599 iu
1111 1539 1223 1601 ceteris

173 1620 215 1684 15
237 1625 412 1686 civitatibus
427 1645 487 1688 non
502 1627 602 1687 minus
617 1625 733 1686 atrocia
746 1644 801 1705 per
812 1623 966 1705 Lysandri
975 1624 1125 1688 factiones
1136 1642 1222 1705 gere

235 1712 342 1770 rentur
356 1712 388 1770 et
397 1710 613 1773 Pharnabazus
625 1730 752 1790 quoque,
769 1711 941 1791 praefectus
952 1710 1045 1790 regis,
1057 1729 1131 1771 eum
1141 1708 1223 1791 apud

235 1795 448 1874 magistratum
472 1794 781 1857 Lacedaemoniorum
802 1799 972 1871 accusaret,
996 1795 1079 1876 quod
1098 1795 1222 1876 provin·

236 1880 315 1942 ciam
336 1899 423 1942 suam
445 1884 604 1956 vexasset,
628 1880 730 1961 ipsum
751 1883 871 1944 scutula
885 1882 979 1943 missa
992 1882 1120 1943 domum
1134 1899 1221 1943 revo-

236 1970 398 2040 caverunt,
422 1966 658 2028 decemviralem
680 1972 781 2030 autem
802 1970 985 2048 potestatem
1006 1967 1045 2028 ab
1060 1985 1097 2028 so
1112 1965 1222 2030 cousti-

171 2045 214 2110 20
236 2055 333 2114 tutam
347 2052 544 2114 sustulerunt.

167 2219 215 2281 VI
324 2220 507 2301 Priusquam
520 2220 780 2284 Lacedaemonem
795 2223 924 2299 rediret,
949 2223 1040 2305 petiit
1053 2223 1072 2283 a
1085 2221 1221 2285 Pharna·

235 2308 327 2383 bauo,
351 2326 441 2386 quem
465 2307 558 2369 sciret
579 2307 863 2371 aLacedaemoniis
877 2309 1003 2390 plurimi
1016 2307 1098 2384 fieri,
1123 2312 1163 2373 ut
1183 2306 1222 2369 ad

235 2392 365 2472 ephoros
381 2392 440 2453 sibi
453 2393 661 2455 testimonium
677 2395 773 2471 daret,
788 2398 901 2473 quanta
921 2395 1083 2456 sanctitate
1104 2394 1220 2473 bellum

236 2478 384 2557 gessisset
404 2479 561 2560 sociosque
584 2482 747 2542 tractasset
767 2480 865 2560 deque
887 2499 924 2542 ea
939 2499 976 2541 re
989 2481 1134 2542 accurate
1150 2478 1221 2541 scri-

169 2558 213 2624 25
234 2564 334 2640 beret,
355 2582 500 2644 maguam
524 2565 605 2626 enim
625 2566 691 2627 eius
706 2566 918 2628 auctoritatem
933 2565 966 2626 in
978 2585 1015 2628 ea
1028 2584 1063 2627 re
1077 2565 1221 2627 futuram

233 2649 316 2710 Huic
338 2649 392 2711 ille
411 2650 579 2713 liberaliter
599 2652 773 2733 pollicetur;
803 2650 915 2712 librum
936 2650 1085 2732 grandem
1113 2649 1221 2713 multia

233 2736 337 2798 uerbis
358 2738 550 2818 perscripsit,
572 2736 604 2797 in
627 2738 737 2818 quibus
758 2737 885 2799 summis
900 2757 971 2798 eum
991 2738 1053 2799 fert
1065 2735 1220 2797 laudibus.

234 2821 335 2893 Quem
350 2840 418 2884 curn
432 2823 561 2904 legisset
575 2823 800 2905 probassetque,
816 2823 889 2883 dum
904 2823 1059 2902 signatur,
1079 2824 1220 2905 satrapas

234 2909 364 2969 alterum
379 2909 446 2990 pari
460 2908 673 2988 magnitudine
686 2911 771 2969 tanta
792 2907 1006 2985 similitudine,
1030 2911 1066 2969 ut
1086 2904 1221 2969 discerni

168 2985 211 3050 30
233 3011 294 3053 non
315 2996 435 3072 posset,
457 2996 613 3074 signatum
628 2993 767 3070 subiecit,
787 2993 819 3054 in
834 3013 893 3073 quo
909 2993 1140 3057 accuratissime
1153 2992 1221 3054 eius

234 3078 394 3140 avaritiam
408 3079 628 3161 perfidiamque
643 3082 810 3141 accusarat.
833 3079 994 3162 Lysander
1009 3079 1136 3142 domum
1149 3096 1220 3140 cum

232 3163 377 3239 redisset,
399 3168 561 3245 postquam
583 3165 622 3225 de
644 3164 708 3225 suis
728 3165 820 3226 rebus
841 3165 937 3246 gestis
953 3165 1034 3248 apud
1048 3164 1221 3229 maximum

232 3248 447 3328 magistratum
470 3268 547 3330 quae
569 3249 710 3313 uoluerat
724 3250 818 3326 dixit,
841 3251 1009 3314 testimonii
1021 3251 1091 3314 loco
1104 3248 1221 3312 librum

232 3353 251 3396 a
265 3333 463 3397 Pharnabazo
487 3335 592 3398 datum
606 3335 743 3399 tradidit.
785 3335 876 3398 Hunc
890 3339 1041 3400 summoto
1055 3335 1220 3417 Lysandro

167 3413 210 3479 35
233 3439 304 3481 eum
329 3420 434 3501 ephori
460 3424 655 3502 cognossent,
681 3422 741 3503 ipsi
766 3423 932 3503 legendum
957 3423 1117 3486 dederuut
1168 3420 1221 3484 Ita

230 3505 285 3567 ille
299 3506 476 3587 imprudens
490 3507 557 3589 ipse
572 3526 645 3569 suus
659 3507 718 3570 suit
739 3511 906 3571 accusator.
952 3507 1022 3580 Qua
1041 3527 1076 3570 re
1097 3508 1219 3588 pertur-

230 3591 330 3669 batus,
357 3595 392 3653 ut
414 3592 561 3657 invidiam
576 3592 732 3674 effugeret,
760 3595 799 3658 ad
814 3594 971 3658 oraculum
990 3594 1076 3658 loris
1090 3593 1220 3657 Ammo·

124 3820 219 4032 s
