2504 4080
229 316 293 381 126
623 316 811 383 armeus

605 600 833 751 Anhang.

299 795 411 848 Cornelii
429 796 532 863 Nepotis
551 812 582 847 ex
599 794 664 848 libro
683 796 715 849 de
732 796 818 849 latinis
837 797 965 851 historicis
983 801 1040 852 rita
1057 798 1144 853 Attici.
1230 782 1242 849 i

442 982 488 1064 Τ.
515 983 785 1085 Pomponius
811 985 1001 1067 Atticus.

188 1173 208 1233 I
230 1156 266 1230 T.
283 1171 458 1231 Pomronrus
472 1169 612 1247 Asamus,
628 1172 666 1234 ab
681 1173 800 1252 origine
813 1173 922 1235 ultima
936 1174 1047 1255 stirpis
1061 1175 1209 1238 Romanae
1244 1196 1247 1201 '

228 1260 407 1336 generatus,
429 1261 574 1336 perpetuo
591 1259 788 1320 amarioribus
802 1264 959 1341 acceptam
974 1264 1152 1341 equestrem
1164 1262 1209 1324 cb·

230 1341 321 1403 tinuit
343 1343 532 1422 dignitatem.
577 1342 670 1404 Patre
692 1364 765 1405 usus
785 1348 832 1406 est
853 1345 1022 1425 diligente,
1044 1350 1077 1408 et
1096 1356 1132 1409 ut
1152 1351 1207 1408 tunr
1239 1336 1248 1421 t

228 1434 316 1489 erant
351 1433 489 1510 tempora
525 1429 597 1504 diti,
636 1429 835 1510 inprimisque
876 1431 1016 1493 studioso
1047 1433 1206 1494 literarum.

184 1509 206 1575 5
230 1514 299 1590 Hic,
315 1523 405 1594 prout
419 1516 485 1596 ipse
500 1515 620 1575 amabat
641 1515 755 1592 literas,
772 1517 911 1577 omnibus
927 1517 1090 1594 doctrinis,
1107 1519 1206 1599 quibus

228 1601 355 1680 puerilis
370 1607 455 1662 aetas
469 1599 620 1680 impertiri
634 1600 732 1677 debet,
748 1602 845 1663 filium
856 1602 998 1663 erudivit.
1023 1603 1103 1666 Erat
1114 1608 1206 1666 autern

228 1687 261 1745 in
275 1705 369 1766 puero
389 1690 510 1766 praeter
530 1686 716 1747 docilitatem
731 1688 847 1768 ingenii
866 1707 985 1749 summa
998 1690 1141 1752 suavitas
1153 1690 1207 1752 cris

229 1774 320 1850 atque
335 1773 432 1847 vocis,
455 1776 563 1833 utnon
579 1773 678 1833 solum
693 1774 835 1835 celeriter
851 1774 1003 1853 acciperet
1018 1794 1100 1855 quae
1115 1776 1206 1837 uade-
1234 1848 1238 1857 Ι

229 1858 348 1932 bantur,
364 1860 418 1918 sed
433 1858 525 1919 etiam
540 1857 728 1918 excellenter
742 1860 960 1939 pronuntiaret.
990 1858 1065 1929 Qua
1080 1881 1122 1922 ex
1135 1860 1208 1922 rein
1239 1912 1245 1937 ,

165 1937 208 2004 10
229 1943 361 2024 pueritia
382 1944 492 2004 nobilis
511 1944 592 2004 inter
614 1945 756 2023 aequales
782 1945 936 2006 ferebatur
962 1945 1138 2028 clariusque
1161 1965 1209 2008 ex·
1240 1942 1248 2017 t

229 2030 473 2110 splendesoebat‚
498 2049 589 2108 quam
610 2031 751 2109 generosi
774 2030 973 2111 condiscipuli
993 2032 1098 2094 animo
1119 2050 1207 2112 aequo
1242 2028 1248 2093 ’·.

229 2116 311 2175 ferre
326 2119 457 2196 possent.
480 2114 590 2194 Itaque
605 2115 750 2178 incitabat
764 2136 869 2177 omnes
883 2116 985 2179 studio
1000 2136 1066 2180 suo.
1097 2115 1208 2188 Quoia
1244 2110 1248 2179 J

229 2221 354 2262 numero
369 2202 493 2261 fuerunt
507 2200 540 2261 L.
554 2201 734 2280 Torquatus,
752 2198 788 2262 G.
800 2202 917 2264 Marius
932 2201 1025 2278 filius,
1040 2202 1084 2266 M.
1096 2201 1208 2264 Cicero.
1246 2244 1248 2249 -

230 2285 315 2354 Quos
330 2287 548 2348 consuetudine
563 2306 619 2347 sua
633 2287 677 2348 sio
688 2288 837 2363 devinxit,
853 2291 888 2349 ut
901 2307 991 2351 nemo
1005 2288 1053 2350 eis
1068 2294 1209 2372 perpetuo

165 2364 207 2428 15
230 2371 322 2431 l'uerit
336 2373 440 2434 carior.

170 2453 207 2516 H
315 2455 408 2517 Pater
422 2461 540 2519 mature
556 2458 694 2519 decessit.
740 2461 812 2539 Ipse
827 2459 1075 2522 adolescentulus
1090 2463 1209 2543 propter
1246 2462 1248 2467 '

230 2541 409 2603 affinitatem
422 2542 457 2602 P.
474 2541 615 2623 Sulpicii,
637 2545 689 2624 qui
710 2546 850 2606 tribunus
865 2544 948 2626 plebi
961 2544 1144 2609 interfectus
1155 2548 1208 2620 est,

213 2622 290 2690 'nou
305 2649 412 2711 expers
427 2630 486 2690 fuit
500 2629 583 2689 illius
599 2631 741 2709 periculi:
762 2651 891 2710 namque
905 2629 1029 2705 Anicia,
1052 2628 1209 2714 Pomponii
1246 2628 1248 2635 '

230 2717 416 2791 consobrina,
432 2718 578 2795 nupserat
592 2715 709 2791 Servi0,
723 2717 812 2777 fratri
827 2714 961 2797 Sulpicii.
995 2717 1109 2798 Itaque
1123 2719 1209 2779 inter-

163 2792 207 2859 20
228 2803 308 2863 fecto
322 2800 455 2883 Sulpicio
466 2805 663 2883 posteaquam
674 2801 753 2862 vidit
765 2799 901 2862 Cinnano
912 2797 1046 2863 tumultu
1057 2804 1208 2865 civitatem

230 2908 297 2949 esse
311 2890 520 2968 perturbatam
534 2907 633 2966 neque
647 2888 705 2948 sibi
721 2889 787 2948 dari
800 2888 977 2948 facultatem
992 2908 1048 2968 pro
1064 2890 1212 2969 dignitate

231 2973 364 3048 vivendi,
380 2976 452 3053 quin
468 2975 646 3034 alterutram
662 2978 780 3054 partem
792 2973 957 3035 offenderet
967 2973 1142 3037 dissociatis
1151 2972 1211 3036 ani·
1246 3042 1248 3049 ,

230 3056 288 3116 mis
304 3059 431 3134 civium,
456 3079 525 3121 cum
546 3060 598 3120 alii
614 3059 746 3122 Sullanis
762 3059 814 3120 alii
831 3055 976 3121 Cinnanis
990 3060 1135 3122 faverent
1147 3078 1212 3142 par·
1245 3130 1248 3147 1

230 3142 320 3216 tibus,
336 3143 478 3204 idoneum
493 3149 613 3224 tempus
627 3152 712 3207 ratus
727 3145 836 3206 studiis
849 3145 1035 3224 obsequendi
1043 3147 1110 3208 suis
1120 3145 1212 3209 Athe-
1242 3152 1248 3203 .'·

165 3220 208 3290 25
230 3247 286 3290 nas
309 3247 343 3287 se
366 3229 507 3304 eontulit,
534 3250 632 3308 neque
658 3252 693 3293 eo
717 3233 816 3292 secius
841 3230 1066 3292 adolescentem
1081 3232 1212 3294 Marium
1242 3204 1248 3323 t

230 3317 349 3378 hostem
364 3313 531 3375 iudicatum
545 3315 624 3375 iuvit
638 3319 746 3397 opibus
760 3317 837 3377 suis:
859 3317 943 3376 ouius
964 3316 1071 3395 fugam
1086 3317 1213 3399 pecunia
1242 3330 1248 3447 p

231 3401 412 3463 sublevavit.
454 3398 501 3459 Ac
516 3420 554 3460 ne
568 3401 624 3461 illa
638 3403 843 3482 peregrinatio
859 3402 1076 3465 detrimentum
1091 3402 1213 3485 aliquod

231 3488 353 3550 afferret
367 3487 412 3548 rei
426 3485 584 3560 familiari,
608 3489 714 3549 eodem
729 3507 873 3568 magnam
887 3490 1006 3568 partem
1020 3489 1214 3551 fortunarum
1244 3488 1248 3553 t

231 3574 352 3633 traiecit
367 3593 497 3634 suarum.
520 3571 581 3632 Hie
595 3571 639 3634 ita
654 3576 742 3651 vixit,
758 3582 792 3634 ut
806 3573 958 3635 universis
972 3573 1214 3637 Atheniensibus
1246 3572 1248 3619 ³

164 3649 210 3717 30
230 3659 338 3721 merito
354 3663 436 3722 esset
450 3657 632 3720 carissimus.
666 3660 697 3723 N
698 3679 747 3723 am
761 3664 884 3743 praeter
898 3658 1039 3741 gratiam,
1055 3680 1137 3741 quae
1151 3661 1215 3725 iam
