2504 4080
269 242 272 247 ’
385 244 462 306 ΧΠ.
485 242 800 308 EPAMINONDAS.
1044 247 1086 311 71

98 416 255 499 acciperet
269 414 447 496 pecuniam,
469 416 638 478 adducebat
652 437 722 478 eum
736 418 788 497 qui
804 419 969 498 quaerebat
982 419 1020 481 ad
1035 438 1087 482 eos

102 503 156 583 qui
171 501 373 577 conferebant,
390 502 478 582 eique
493 505 527 563 ut
539 502 599 583 ipsi
613 507 810 565 numerarent
824 503 963 580 faciebat,
983 507 1019 565 ut
1033 504 1087 566 ille

98 590 142 651 ad
168 607 259 667 quem
284 607 335 648 res
363 587 419 649 illa
445 587 645 668 perveniebat
673 588 779 663 sciret,
807 594 953 668 quantum
979 590 1087 670 cuique

99 675 236 736 deberet.

146 759 308 839 Temptata
326 761 428 819 autem
444 757 508 819 eius
524 760 571 819 est
591 758 774 820 abstinentia
801 777 819 820 a
838 758 1040 822 Diomedonte
1083 761 1130 823 IV
1152 757 1174 822 5

102 843 263 926 Cyzicena.
307 844 448 924 Namque
468 845 496 904 is
517 847 629 924 rogatu
649 843 835 905 Artaxerxis
857 845 940 924 regis
963 844 1086 926 Epami-

102 931 236 992 nondam
250 929 380 1010 pecunia
394 931 649 1010 corrumpendum
669 932 852 1011 susceperat.
897 928 958 991 Hic
975 950 1086 1009 magno

104 1035 174 1077 eum
188 1015 322 1096 pondere
345 1015 412 1076 auri
427 1014 546 1077 Thebas
568 1015 653 1076 venit
675 1019 705 1077 et
719 1014 892 1096 Micythum
913 1017 1088 1078 adolescen-

101 1102 203 1164 tulum
229 1101 361 1180 quinque
387 1101 510 1162 talentis
537 1101 575 1163 ad
602 1120 689 1162 suam
714 1103 906 1165 voluntatem
932 1102 1085 1183 perduxit,

102 1207 195 1267 quem
218 1189 283 1247 tum
307 1184 534 1269 Epaminondas
560 1188 694 1248 maxime
720 1188 877 1266 diligebat.
929 1188 1086 1269 Micythus
1111 1185 1152 1251 10

102 1272 346 1353 Epaminondam
362 1273 504 1334 convenit
518 1275 549 1334 et
564 1292 688 1334 causam
709 1274 859 1335 adventus
873 1273 1085 1337 Diomedontis

100 1357 244 1421 ostendit.
312 1357 354 1417 At
383 1357 437 1419 ille
464 1358 660 1421 Diomedonti
691 1378 793 1420 coram
822 1358 945 1434 Nihil,
978 1361 1085 1440 inquit,

103 1443 273 1525 pecunia
295 1463 387 1523 opus
414 1450 480 1504 est.
525 1443 617 1506 Nam
643 1444 675 1503 si
701 1464 771 1505 rex
797 1463 840 1506 ea
865 1446 965 1518 vult,
992 1464 1086 1525 quae

104 1529 549 1603 Thebanissuntutilia,
566 1529 692 1608 gratis
715 1529 849 1590 facere
874 1549 953 1590 sum
976 1549 1085 1610 para·

103 1619 183 1688 tus;
200 1614 402 1675 sinautem
418 1615 628 1690 contraria,
652 1615 854 1676 nonhabet
869 1615 1085 1695 auriatque
1110 1611 1150 1676 15

104 1700 261 1780 argenti
281 1701 388 1761 satis.
433 1699 602 1780 Namque
625 1701 727 1761 orbis
755 1703 950 1762 terrarum
980 1701 1085 1763 divi-

104 1786 181 1848 tias
209 1785 294 1850 nolo
324 1805 391 1866 pro
421 1786 579 1866 patriae
609 1787 789 1847 caritate.
834 1786 1002 1866 Tuquod
1028 1807 1084 1848 me

103 1872 349 1951 incognitum
377 1873 579 1952 temptasti
601 1872 731 1952 tuique
754 1872 922 1932 similem
946 1872 1087 1932 existi-

104 1955 1087 2037 mesti,nonmirortibiqueignosco;sedegrcdere

105 2060 279 2124 propere,
302 2062 346 2103 ne
370 2042 467 2103 alios
484 2061 719 2123 corrumpas,
743 2062 822 2103 cum
847 2062 901 2104 me
923 2062 996 2104 non
1019 2061 1085 2123 po·
1109 2037 1152 2104 20

104 2127 237 2190 tueris.
282 2126 399 2203 Ettu,
417 2127 605 2209 Micythe,
628 2131 830 2207 argentum
844 2127 1085 2202 huicredde,

103 2216 183 2288 aut,
220 2213 295 2273 nisi
325 2213 364 2274 id
393 2214 600 2275 confestim
628 2214 741 2289 facis,
774 2233 844 2294 ego
874 2217 910 2274 te
940 2212 1088 2274 tradam

103 2297 367 2378 magistratui.
412 2298 504 2359 Hunc
526 2299 696 2361 Diomedon
718 2319 788 2360 cum
808 2300 947 2379 rogaret,
974 2302 1010 2360 ut
1030 2298 1089 2359 sibi

104 2387 172 2445 tuto
188 2384 270 2445 exire
286 2403 400 2464 suaque
422 2403 500 2463 quae
523 2385 676 2460 attulerat,
703 2385 809 2446 efferre
830 2385 954 2462 liceret,
976 2384 1090 2445 Istud

103 2469 273 2550 quidem,
287 2469 394 2549 inquit,
408 2469 544 2531 faciam
559 2473 762 2550 nequetua
777 2471 1088 2548 causa,sedmea,
1111 2465 1154 2530 25

104 2555 555 2635 ne,sitibisitpecunia
578 2556 773 2637 adempta,
799 2556 944 2636 aliquis
969 2555 1088 2629 dicat,

104 2641 146 2702 id
175 2643 220 2702 ad
249 2660 303 2702 me
339 2645 512 2721 ereptum
552 2642 795 2721 pervenisse,
835 2642 932 2720 quod
961 2642 1089 2701 datum

102 2726 292 2806 accipere
306 2726 532 2788 noluissem.
577 2724 680 2806 Aque
696 2745 766 2788 cum
781 2726 960 2806 quaesisset,
982 2744 1040 2804 quo
1057 2743 1090 2784 se

100 2812 218 2873 deduci
241 2811 338 2873 vellet
353 2816 384 2872 et
397 2812 452 2873 ille
467 2810 604 2874 Athenas
626 2811 771 2886 dixisset,
794 2810 981 2892 praesidium
996 2809 1090 2886 dedit,

104 2900 142 2958 ut
156 2900 221 2959 tuto
236 2898 420 2978 perveniret.
453 2898 561 2978 Neque
575 2917 649 2958 vero
663 2898 695 2958 id
710 2896 784 2959 satis
798 2897 914 2973 habuit,
929 2897 984 2957 sed
999 2896 1091 2957 etiam
1113 2892 1157 2958 30

103 2987 143 3043 ut
163 2983 330 3045 inviolatus
352 3003 464 3045 navem
487 2984 716 3059 conscenderet,
739 3003 794 3064 per
817 2979 981 3044 Chabriam
997 2980 1091 3044 Athe·

104 3068 245 3130 niensem
260 3068 368 3130 effecit.
406 3068 475 3130 Hoc
490 3070 694 3131 abstinentiae
709 3068 784 3130 satis
799 3069 859 3130 erit
873 3068 1090 3130 testimonium.

103 3153 244 3216 Plurima
258 3154 382 3235 quidem
396 3154 534 3236 proferre
548 3175 724 3237 possumus,
749 3155 802 3217 sed
824 3155 932 3218 modus
949 3154 1092 3216 adhiben-

103 3240 164 3301 dus
187 3242 249 3317 est,
272 3239 414 3320 quoniam
434 3260 493 3306 uno
515 3242 573 3304 hoc
592 3242 748 3304 volumine
762 3241 859 3304 vitam
874 3239 1090 3303 excellentium

103 3325 244 3388 virorum
270 3325 472 3406 complurium
498 3328 679 3390 concludere
705 3328 931 3403 constituimus,
962 3344 1091 3406 quorum
1112 3318 1157 3384 35

102 3411 272 3492 separatim
294 3411 399 3472 multis
421 3412 545 3474 milibus
566 3432 713 3475 versuum
734 3414 904 3494 complures
926 3411 1091 3491 scriptores

101 3500 178 3560 ante
193 3517 248 3559 nos
268 3497 469 3579 explicarunt.

126 3656 135 3693 x
193 3582 267 3645 Fuit
281 3584 374 3646 etiam
385 3582 527 3659 disertus,
542 3586 577 3645 ut
587 3584 676 3664 pauci
688 3581 877 3648 Graecorum
887 3581 942 3644 illo
953 3581 1089 3661 tempore
1111 3576 1142 3642 V
