2504 4080
168 237 209 302 10
516 239 541 300 Ι.
564 237 802 301 MILTIADES.

166 414 267 474 autem
291 410 378 471 effusi
400 413 490 490 atque
511 411 654 486 obsoleti,
677 410 721 472 sic
740 410 813 472 olim
835 411 915 492 apud
937 410 1142 476 Athenienses

164 498 259 559 fuisse
279 497 457 578 reperimus.
501 495 640 576 Namque
660 496 732 556 huic
753 495 900 572 Miltiadi,
930 500 982 577 qui
1004 501 1141 562 Athenas

164 586 320 662 totamque
336 580 497 644 Graeciam
510 583 664 656 liberarat,
686 582 758 643 talis
772 582 867 644 honor
880 583 1001 646 habitus
1022 595 1084 662 est,
1108 589 1143 648 ut

165 669 197 729 in
213 669 331 748 porticu
346 687 422 748 quae
436 668 558 730 Poecile
572 673 708 743 vocatur,
724 687 794 729 cum
808 688 911 748 pugna
925 670 1142 752 depingeretur

122 753 144 818 ὃ
165 753 367 830 Marathonia,
379 755 410 817 in
422 755 526 815 decem
537 759 710 834 praetorum
721 773 846 815 numero
854 755 953 835 prima
963 758 1028 818 eius
1039 758 1141 837 imago

165 844 328 922 poneretur
341 841 428 920 isque
443 841 612 901 hortaretur
626 839 738 900 milites
754 840 962 920 proeliumque
974 844 1142 905 committe-

165 931 220 988 ret.
265 927 353 987 Idem
366 927 419 987 ille
441 925 571 1006 populus
592 930 787 1005 posteaquam
806 926 905 986 maius
919 926 1082 1008 imperium
1096 933 1143 990 est

165 1016 273 1074 nactus
288 1016 320 1074 et
333 1012 494 1092 largitione
505 1012 739 1089 magistratuum
751 1015 910 1092 corruptus
921 1017 976 1089 est,
991 1018 1142 1077 trecentas

166 1099 328 1177 sexaginta
342 1100 458 1158 statuas
472 1096 626 1158 Demetrio
641 1096 790 1158 Phalereo
805 1098 951 1162 decrevit.

103 1184 145 1250 10
158 1184 211 1244 IX
253 1182 296 1243 At
310 1181 466 1244 Miltiades
481 1202 550 1243 cum
564 1186 654 1244 antea
667 1183 728 1244 iam
743 1182 980 1244 Atheniensibus
995 1185 1142 1265 probatus

166 1270 282 1343 fuisset,
306 1272 370 1329 tum
392 1288 465 1329 vero
485 1272 555 1349 post
573 1289 640 1329 rem
654 1269 693 1330 ad
707 1267 916 1330 Marathonem
931 1270 1007 1331 bene
1022 1277 1142 1349 gestam

165 1356 280 1417 maiore
295 1354 387 1415 etiam
400 1355 500 1433 gloria
515 1359 621 1415 auctus
637 1359 692 1415 est.
730 1352 825 1414 Brevi
840 1358 909 1435 post
923 1356 961 1416 ab
975 1356 1143 1418 Athenien-

165 1441 249 1502 sibus
269 1441 463 1521 septuaginta
483 1459 577 1502 naves
598 1458 666 1500 cum
686 1439 834 1500 militibus
855 1449 886 1501 et
900 1443 1028 1520 pecunia
1043 1443 1140 1523 petiit,

165 1547 235 1588 eum
256 1527 293 1587 iis
315 1547 375 1589 non
391 1527 518 1603 diceret,
542 1526 590 1586 cui
610 1525 730 1605 regioni
750 1525 866 1585 bellum
888 1531 968 1587 esset
989 1528 1143 1605 illaturus,

102 1609 144 1678 15
166 1614 220 1674 sed
234 1613 440 1675 tantummodo
456 1614 482 1673 si
496 1633 530 1673 se
541 1616 747 1692 sequerentur,
763 1631 797 1671 se
808 1611 877 1672 illos
887 1612 1144 1692 locupletaturum

166 1703 197 1760 θῖ
210 1699 242 1759 in
257 1717 325 1759 eam
338 1699 494 1776 regionem
511 1698 680 1773 ducturum,
695 1697 776 1758 unde
790 1697 874 1758 nullo
889 1699 1011 1779 negotio
1027 1699 1144 1761 affatim

167 1785 234 1845 auri
247 1786 446 1863 reportarent.
478 1782 537 1849 His
550 1783 653 1844 verbis
665 1782 868 1845 Athenienses
882 1785 920 1845 ad
932 1804 1001 1865 spes
1012 1785 1144 1846 maiores

166 1869 260 1931 erecti
274 1887 370 1929 naves
381 1888 456 1948 quas
466 1871 646 1950 poposcerat
656 1869 684 1928 ei
695 1869 894 1945 tradiderunt,
909 1871 1018 1949 quibus
1029 1869 1145 1933 Miltia·

166 1956 221 2017 des
236 1955 368 2036 acceptis
382 1955 497 2034 aliquot
511 1954 626 2014 insulas
641 1954 725 2029 adiit,
741 1974 816 2033 quas
831 1955 979 2016 militibus
994 1956 1145 2036 expositis

100 2039 154 2105 20,
165 2041 308 2117 vastavit,
325 2040 434 2102 deinde
444 2039 558 2101 Parum
568 2039 730 2117 navigavit
738 2059 793 2119 per
805 2041 936 2120 speciem
951 2041 1145 2106 ulciscendae

165 2128 309 2203 iniuriae,
333 2147 423 2206 quam
445 2126 529 2187 Parii
550 2125 736 2198 intulissent,
763 2125 843 2204 quod
863 2146 923 2187 una
947 2146 1016 2187 cum
1037 2126 1144 2189 Persis

45 2240 48 2249 ·
165 2213 283 2274 triremi
302 2211 483 2274 Marathona
501 2211 666 2274 venissent.
716 2211 785 2273 Hac
805 2210 927 2291 quidem
949 2213 1144 2275 simulatione

165 2299 329 2359 verborum
348 2318 421 2358 usus
441 2301 501 2374 est,
522 2298 577 2358 sed
597 2297 733 2359 infensus
752 2302 818 2358 erat
832 2296 931 2358 Pariis
952 2299 990 2359 ob
1004 2298 1144 2379 Lysago·

165 2403 240 2459 ram,
255 2382 357 2451 Pisias
367 2383 474 2460 filium,
483 2403 596 2462 genere
607 2382 740 2458 Parium,
757 2384 808 2463 qui
817 2383 917 2464 ipsum
928 2384 1008 2463 apud
1018 2383 1145 2465 Hydar-

101 2467 144 2534 25
166 2490 236 2531 nem
250 2468 377 2530 Persam
392 2473 597 2531 accusaverat.
640 2468 686 2530 Eo
702 2478 862 2549 postquam
876 2470 962 2530 venit
974 2471 1144 2549 Miltiades,

166 2555 274 2616 Parios
295 2555 375 2616 intra
396 2555 516 2616 moenia
534 2555 618 2616 urbis
647 2555 818 2635 compulsos
845 2555 963 2616 obsedit
989 2556 1146 2636 missoque

166 2641 366 2711 caduceatore
387 2646 507 2702 centum
527 2641 643 2702 talenta
662 2641 799 2722 poposcit
819 2642 1009 2716 denuntians,
1031 2642 1092 2703 nisi
1107 2662 1146 2705 ea

167 2727 226 2788 sibi
248 2727 418 2802 dedissent,
447 2747 480 2788 se
501 2747 561 2788 non
589 2728 673 2808 prius
702 2727 804 2807 copias
831 2727 902 2786 inde
931 2727 1144 2804 abducturum,

167 2833 257 2893 quam
272 2814 378 2874 urbem
393 2813 531 2893 cepisset.
577 2811 637 2875 Sed
651 2811 736 2873 Parii
751 2815 870 2873 tantum
891 2813 996 2873 aberat
1011 2817 1045 2873 ut
1060 2815 1146 2893 quic·

102 2896 145 2962 30
167 2918 258 2979 quam
273 2899 418 2980 pecuniae
433 2901 550 2976 darent,
565 2902 599 2960 ut
613 2898 720 2958 urbem
730 2898 847 2958 firmius
861 2897 1015 2959 munirent
1029 2902 1060 2959 et
1075 2899 1146 2962 dili·

166 2984 288 3064 gentius
303 2987 499 3059 custodirent,
515 2986 590 3045 adeo
605 2989 692 3045 utne
714 2988 805 3045 noctu
826 2983 948 3062 quidem
969 2985 1145 3047 intermisso

166 3089 258 3150 opere
273 3089 393 3131 murum
408 3071 501 3151 duplo
516 3070 655 3131 altiorem
671 3088 761 3148 quam
775 3071 846 3130 ante
866 3069 965 3130 suerat
979 3070 1144 3149 erigerent.

113 3155 147 3217 X
253 3154 419 3236 Postquam
433 3158 539 3217 urbem
551 3155 691 3236 operibus
703 3155 813 3216 clausit
823 3157 963 3236 omnique
974 3160 1148 3219 commeatu

167 3240 330 3322 prohibuit,
346 3242 445 3302 vineis
453 3240 713 3320 testudinibusque
725 3241 897 3302 constitutis
908 3242 1030 3322 propius
1042 3261 1145 3304 acces·

101 3325 145 3391 35
167 3327 208 3387 sit
222 3346 333 3389 muros.
379 3325 456 3389 (lum
469 3327 531 3388 iam
545 3327 576 3387 in
591 3346 625 3388 eo
647 3330 741 3401 esset,
761 3330 797 3387 ut
816 3328 925 3408 oppido
948 3328 1098 3407 potiretur
1113 3334 1147 3391 ct

167 3412 311 3494 oppidani
326 3432 359 3474 se
373 3412 405 3474 id
421 3412 584 3475 tradituros
599 3412 823 3493 pollicerentur,
844 3413 949 3494 procul
964 3412 996 3473 in
1010 3414 1144 3494 Mycono
1178 3430 1182 3435 '

166 3498 266 3560 insula
281 3499 377 3574 lucus,
391 3499 443 3579 qui
457 3519 494 3559 ex
508 3497 587 3559 Paro
603 3499 857 3579 conspiciebatur,
878 3499 978 3560 nescio
994 3519 1052 3578 quo
1068 3519 1146 3562 casu

168 3588 314 3647 nocturno
329 3587 465 3665 tempore
479 3584 619 3645 incensus
634 3588 688 3645 est.
717 3582 811 3646 Cuius
824 3585 946 3646 flamma
959 3587 994 3645 ut
1008 3589 1055 3646 est
1066 3586 1144 3662 risa,
