2504 4080
201 235 252 300 ca
571 190 683 296 ¹nitu.
707 233 819 297 mou.

208 429 277 471 rum
287 426 435 468 annorum
446 406 586 487 tyrannis
597 426 778 486 magnarum
791 427 882 488 opum
893 407 1069 487 putabatur.
1094 406 1198 478 Quam

210 496 249 556 ob
273 512 396 554 causam
417 494 507 573 pauci
529 493 568 553 ad
592 493 767 554 societatem
789 494 917 572 periculi
937 493 1196 575 perducebantur.

210 579 270 642 Sed
284 578 378 654 Dion,
400 579 497 640 fretus
518 599 579 640 non
593 582 657 639 tam
677 579 740 638 suis
756 579 851 660 copiis
866 598 956 659 quam
973 577 1043 640 odio
1059 582 1196 660 tyranni,

209 665 344 727 maximo
372 666 472 726 animo
502 666 619 725 duabus
645 665 791 725 onerariis
816 666 946 726 navibus
972 665 1197 745 quinquaginta

166 755 188 819 5
211 771 357 813 annorum
377 751 551 833 imperium,
573 751 724 810 munitum
744 750 920 830 quingentis
935 751 1038 830 longis
1054 752 1193 827 navibus,

210 839 316 899 decem
340 838 477 918 equitum
503 839 685 915 cantumque
714 837 851 917 peditum
873 837 1012 912 milibus,
1040 838 1194 917 profectus

210 928 435 1007 oppugnatum,
460 924 540 1003 quod
564 922 703 983 omnibus
725 923 867 1001 gentibus
888 922 1076 984 admirabile
1089 929 1134 984 est
1147 923 1192 983 vi·

210 1031 286 1086 sum,
304 1011 379 1070 adeo
399 1008 490 1069 facile
504 1007 649 1088 perculit,
672 1016 706 1069 ut
720 1011 790 1088 post
804 1009 885 1069 diem
900 1009 1025 1069 tertium
1043 1028 1129 1088 quam
1143 1007 1186 1069 Si-

210 1097 313 1158 ciliam
339 1096 483 1174 attigerat
508 1093 676 1175 Syracusas
701 1094 848 1155 introiret.
898 1094 949 1154 Ex
974 1114 1035 1173 quo
1063 1093 1186 1172 intelligi

145 1183 188 1248 10
210 1187 311 1264 potest
333 1181 452 1241 nullum
478 1199 545 1240 esse
569 1179 731 1260 imperium
751 1184 866 1255 tutum,
893 1181 952 1240 nisi
979 1179 1191 1243 benevolentia

210 1266 369 1326 munitum.
404 1264 449 1324 Ilo
465 1268 601 1346 tempore
616 1266 723 1326 aberat
737 1266 902 1346 Dionysius
917 1265 993 1326 etin
1008 1266 1105 1329 Italia
1120 1266 1192 1328 clas

210 1372 275 1412 sem
291 1351 505 1433 opperiebatur
520 1352 773 1431 adversariorum,
789 1356 874 1413 ratus
888 1351 1044 1412 neminem
1056 1353 1124 1414 sine
1134 1372 1196 1414 ma·

210 1439 279 1519 gnis
296 1439 391 1519 copiis
406 1438 444 1499 ad
459 1458 493 1498 se
507 1444 678 1499 venturum.
710 1437 798 1507 Quae
812 1458 861 1498 res
877 1458 946 1498 eum
960 1437 1080 1499 fefellit.
1114 1438 1193 1500 Nam

210 1525 289 1587 Dion
305 1526 349 1585 eis
363 1524 448 1605 ipsis,
465 1525 517 1604 qui
532 1525 587 1584 sub
602 1524 771 1585 adversarii
784 1525 905 1584 suerent
915 1526 1076 1604 potestate,
1091 1525 1195 1604 regios

146 1612 189 1677 15
210 1610 337 1693 spiritus
362 1610 508 1690 repressit
530 1616 653 1688 totaque
677 1629 714 1670 ea
738 1614 825 1691 parta
847 1608 968 1671 Siciliae
994 1610 1111 1690 potitus
1138 1613 1196 1686 est,

210 1715 288 1776 quae
309 1698 366 1756 sub
387 1696 527 1775 Dionysii
548 1697 649 1756 fuerat
669 1697 833 1775 potestate,
858 1695 983 1777 parique
1004 1696 1095 1758 modo
1118 1697 1195 1756 urbe

210 1781 371 1862 Syracusis
397 1785 519 1861 praeter
545 1800 646 1842 arcem
672 1784 704 1841 et
724 1781 856 1842 insulam
876 1781 1051 1842 adiunctam
1072 1782 1193 1863 oppido.

209 1867 328 1928 Deinde
349 1868 460 1947 legatis
481 1867 561 1928 ultro
588 1866 723 1947 citroque
749 1867 922 1946 frequenter
942 1866 1044 1927 missis
1068 1868 1194 1929 tandem

210 1953 378 2034 Dionysius
392 1973 445 2015 eas
460 1953 650 2014 condiciones
665 1953 746 2028 tulit,
762 1957 798 2013 ut
813 1972 914 2014 arcem
930 1956 961 2014 et
975 1972 1061 2014 arma
1073 1959 1105 2014 et
1115 1973 1195 2014 mer-

146 2038 189 2104 20
212 2040 347 2102 cenarios
363 2042 394 2100 et
408 2040 499 2100 simul
514 2039 646 2118 quinque
661 2039 811 2099 mensium
825 2039 996 2099 mercedem
1012 2058 1118 2099 eorum
1133 2043 1195 2101 tra·

212 2126 307 2201 deret,
324 2127 389 2205 ipse
404 2126 435 2186 in
449 2125 572 2187 Italiam
587 2125 697 2199 abiret,
714 2144 822 2204 agrum
836 2130 938 2186 autem
952 2124 1086 2185 fertilem
1100 2145 1194 2204 quen·

212 2213 283 2271 dam
310 2210 570 2290 Syracusanorum
595 2211 749 2271 retineret.
796 2210 880 2280 Quas
904 2210 1095 2272 condiciones
1119 2228 1192 2270 cum

211 2294 411 2375 Syracusani,
436 2298 487 2375 qui
507 2297 614 2357 vivum
637 2300 803 2376 tyrannum
818 2317 851 2358 se
867 2301 1008 2378 capturos
1023 2302 1193 2377 sperarent,

210 2381 401 2456 reiecissent,
423 2382 476 2442 ille
497 2401 597 2443 arcem
611 2381 813 2462 Apollocrati,
837 2383 900 2444 filio
921 2389 995 2443 natu
1009 2382 1117 2443 maiori
1132 2386 1193 2444 tra·

145 2467 189 2532 25
212 2466 304 2542 didit,
324 2466 391 2546 ipse
410 2471 511 2528 autem
531 2476 657 2528 ventum
679 2469 844 2529 secundum
867 2471 974 2529 nactus
989 2487 1086 2529 naves
1101 2468 1196 2530 solvit

211 2551 385 2632 effugitque.
408 2553 526 2613 Deinde
538 2554 618 2614 Dion
629 2573 730 2614 arcem
741 2554 945 2629 circumsedit,
961 2555 1056 2616 donec
1068 2552 1196 2635 Apollo-

212 2643 311 2700 crates
327 2657 394 2700 eam
417 2638 544 2700 tradidit
563 2643 594 2699 et
610 2659 678 2700 cum
693 2643 790 2701 matre
805 2644 837 2700 et
851 2639 1005 2701 sororibus
1020 2639 1058 2700 ad
1074 2644 1196 2721 patrem

211 2746 245 2787 se
260 2726 395 2788 contulit.

141 2811 189 2872 VI
296 2812 362 2873 Has
377 2816 440 2872 tam
455 2830 615 2892 prosperas
631 2813 753 2890 tamque
767 2812 937 2892 inopinatas
960 2831 1009 2872 res
1030 2813 1195 2873 consecuta

145 2893 190 2956 30
212 2900 259 2956 est
273 2899 373 2959 subita
388 2897 591 2972 commutatio,
613 2898 692 2976 quod
708 2899 829 2958 fortuna
843 2917 898 2959 sua
912 2897 1082 2960 mobilitate
1103 2918 1194 2977 quem

210 2982 302 3058 paulo
325 2989 395 3043 ante
417 2985 572 3045 extulerat
595 2983 772 3063 demergere
787 2987 834 3043 est
848 2985 962 3044 adorta.
1007 2983 1148 3044 Primum
1163 2985 1194 3044 in

210 3064 289 3139 filio,
316 3068 434 3146 dequo
458 3069 693 3130 commemoravi
714 3088 820 3149 supra,
846 3089 933 3130 suam
957 3068 1021 3129 vim
1044 3071 1195 3130 exercuit

208 3149 288 3210 Nam
304 3170 373 3212 cum
387 3173 515 3214 uxorem
529 3155 712 3230 reduxisset,
728 3174 804 3233 quae
820 3156 872 3215 alii
886 3156 987 3216 suerat
997 3155 1120 3231 tradita,
1135 3155 1197 3216 fili-

211 3255 323 3315 umque
339 3238 434 3298 vellet
448 3259 593 3301 revocare
609 3242 648 3301 ad
662 3240 808 3301 virtutem
823 3260 841 3301 a
856 3242 977 3320 perdita
991 3241 1123 3317 luxuria,
1146 3260 1197 3303 ac·

142 3322 189 3386 35
211 3323 291 3403 cepit
305 3323 522 3404 gravissimum
537 3346 647 3406 parens
662 3326 773 3386 vulnus
788 3333 886 3387 morte
900 3326 964 3387 filii.
994 3326 1114 3389 Deinde
1128 3330 1198 3389 orta

211 3409 359 3470 dissensio
375 3412 423 3470 est
437 3410 516 3469 inter
531 3431 600 3472 eum
615 3415 646 3472 et
657 3411 861 3488 Heraclidem,
879 3412 931 3492 qui
946 3412 1068 3492 quidem
1083 3413 1197 3493 princi-

210 3499 315 3574 patum
336 3515 395 3559 non
419 3496 617 3570 concedebat,
643 3498 806 3559 factionem
828 3499 1039 3580 comparabat:
1053 3518 1153 3580 neque
1169 3499 1196 3559 is

208 3581 310 3641 minus
336 3582 459 3644 valebat
485 3582 567 3664 apud
592 3582 728 3664 plebem,
762 3584 847 3645 cuius
878 3602 1027 3645 consensu
1051 3587 1196 3665 praeerat
