2504 4080
393 320 504 383 XXII.
527 320 758 385 HANNIBAL.
1003 318 1067 384 115

80 512 190 555 versus
211 493 360 554 Vettones
384 493 501 555 occisus
527 495 582 554 est
628 492 730 554 Huius
756 497 938 576 perpetuum
963 493 1065 555 odium

80 582 186 642 contra
200 578 354 640 Romanos
368 579 503 641 maxime
518 577 687 640 concitasse
706 579 829 641 videtur
843 580 959 641 bellum
973 578 1067 640 Puni·

81 685 151 727 curn
165 664 340 726 secundnm.
385 663 525 745 Namque
539 663 704 741 Hannibal,
726 665 807 727 filius
829 665 910 741 eius,
934 664 1066 727 assiduis

81 750 178 832 patris
193 749 445 812 obtestationibus
461 770 497 813 eo
512 753 559 811 est
574 750 755 831 perductus,
778 754 813 812 ut
832 751 959 813 interire
973 769 1065 830 quarn

81 837 233 898 Romanos
247 855 308 896 non
322 836 458 916 experiri
472 836 587 897 mallet.
1107 831 1131 898 5
1217 848 1220 853 '

471 1111 675 1121 -—.-....—·

374 1330 510 1413 xxrl.
537 1330 773 1417 Hannibal.

80 1505 267 1594 Hnruunrn,
291 1518 476 1582 Hamilcaris
497 1519 593 1597 filius,
616 1517 878 1599 Carthaginiensis
903 1517 1065 1601 prudentia
1085 1517 1105 1582 1

81 1610 113 1668 et
132 1607 207 1667 artis
227 1605 356 1666 bellicae
376 1605 504 1668 scientia
525 1607 634 1667 ceteris
655 1606 891 1686 imperatoribus
912 1603 1066 1686 praestitit

81 1693 229 1768 omnibus,
241 1692 436 1772 quiunquam
448 1711 517 1752 cnm
528 1692 639 1778 pupulo
649 1690 788 1754 Romano
800 1692 882 1753 bella
892 1692 1063 1771 gesseruut,

81 1798 171 1857 quern
200 1781 319 1840 constat
348 1797 452 1838 omnes
482 1781 590 1856 gentes
618 1777 733 1839 virtute
762 1796 931 1859 superasse.
983 1775 1064 1836 Nam

83 1864 318 1944 quotiescunque
340 1883 409 1924 cum
432 1883 467 1924 ec
490 1882 673 1942 congressus
693 1868 741 1925 est
761 1863 919 1937 initalia,
944 1860 1108 1940 sempera

80 1950 145 2010 fere
164 1949 304 2011 discessit
327 1949 471 2030 superior.
518 1947 608 2018 Quod
628 1949 688 2009 nisi
709 1951 790 2010 dorni
810 1949 924 2011 civium
940 1966 1064 2009 suorum

80 2035 198 2097 invidia
220 2035 395 2120 debilitatus
418 2037 516 2109 esset,
538 2034 692 2096 Romanos
714 2036 838 2096 videtur
852 2052 998 2115 superare
1013 2053 1064 2113 po·

80 2121 183 2184 tuisse.
227 2119 287 2181 sed
302 2122 468 2182 multorum
483 2121 661 2183 obtrectatio
676 2120 791 2181 devicit
804 2121 894 2181 unius
908 2120 1063 2181 virtutem.

166 2206 228 2267 Hic
243 2210 344 2268 autern
358 2208 445 2269 velut
459 2206 628 2268 hereditate
639 2207 780 2267 relietum
790 2207 893 2268 odium
903 2210 1065 2288 paternum
1086 2201 1119 2265 11

81 2296 187 2354 eontra
200 2291 353 2355 Romanos
367 2293 412 2354 sio
427 2293 629 2368 conservavit,
652 2296 687 2353 ut
701 2292 786 2373 prius
801 2293 947 2370 animam,
972 2310 1063 2372 quarn
1086 2287 1128 2352 10

80 2378 113 2439 id
139 2378 318 2459 deponeret,
346 2379 398 2459 qui
424 2379 547 2458 quidem
573 2397 642 2439 curn
668 2378 768 2459 patria
793 2379 900 2459 pulsus
925 2384 1008 2441 esset
1033 2379 1066 2438 et

81 2463 249 2526 alienarum
277 2484 368 2545 opum
396 2463 563 2543 indigeret,
594 2483 749 2545 nunquam
778 2464 940 2526 desisteret
962 2464 1063 2525 animo

81 2549 197 2611 bellare
212 2569 281 2610 cum
296 2549 450 2611 Romanis.
474 2549 554 2610 Nam
569 2554 605 2611 ut
619 2551 757 2612 omittam
771 2549 956 2631 Philippum,
973 2569 1064 2629 quern

82 2636 192 2697 absens
206 2636 322 2697 hostem
334 2635 468 2697 reddidit
478 2635 633 2710 Romanis,
649 2636 784 2697 omniurn
799 2636 862 2696 illis
878 2635 1064 2715 temporibus

81 2721 312 2801 potentissimus
326 2742 383 2782 rex
398 2721 568 2781 Antiochus
581 2721 648 2781 fuit.
693 2721 784 2782 Hunc
798 2725 883 2782 tanta
898 2720 1065 2800 cupiditate
1087 2713 1128 2778 15

81 2807 217 2868 incendit
231 2807 380 2883 bellandi,
404 2811 439 2868 ut
459 2826 556 2886 usque
569 2826 589 2868 a
602 2808 695 2868 rubro
711 2807 788 2867 mari
804 2825 890 2868 arma
903 2811 1064 2869 conaretur

80 2893 195 2953 inferre
208 2894 328 2954 Italiae.
372 2891 423 2954 Ad
442 2913 532 2973 quern
554 2912 623 2953 curn
643 2892 739 2972 legati
753 2892 884 2954 Romani
897 2893 1064 2970 venissent,

83 2979 135 3061 qui
149 2979 188 3039 de
201 2978 268 3039 eius
282 2981 441 3041 voluntate
455 2979 651 3061 explorarent
665 2979 833 3058 darentque
848 2998 969 3060 operam
982 2980 1064 3042 clan-

84 3064 211 3146 destinis
226 3065 375 3139 consiliis,
397 3070 432 3127 nt
446 3065 651 3127 Hannibalern
666 3064 697 3125 in
713 3066 914 3146 suspicionem
930 3066 998 3144 regi
1013 3066 1064 3127 ad·

83 3150 242 3226 ducerent,
265 3154 420 3230 tamquam
444 3160 605 3232 corruptus
627 3152 665 3212 ab
688 3151 763 3232 ipsis
785 3152 846 3213 alia
867 3155 959 3232 atque
974 3157 1065 3212 antea
1085 3142 1129 3210 20

83 3237 224 3311 sentiret,
247 3256 345 3315 neque
366 3237 398 3297 id
417 3238 531 3300 frustra
551 3237 697 3299 fecissent
710 3238 801 3318 idque
816 3238 971 3300 Hannibal
986 3257 1064 3297 oom-

82 3323 213 3404 perisset
227 3342 320 3401 seque
335 3323 373 3384 ab
388 3323 583 3384 interioribus
598 3324 732 3384 consiliis
752 3324 910 3403 segregari
925 3322 1063 3397 vidisset,

83 3411 222 3490 tempore
244 3409 315 3471 dato
337 3409 414 3470 adiit
435 3409 474 3469 ad
495 3410 599 3487 regem
623 3409 713 3488 eique
735 3428 803 3471 curn
825 3410 923 3470 multa
945 3408 983 3467 de
1004 3407 1063 3468 fide

83 3513 140 3556 sua
159 3498 191 3556 et
211 3495 280 3556 odio
301 3495 334 3555 in
355 3492 508 3557 Romanos
529 3499 808 3571 commemorasset,
836 3495 892 3558 hoc
913 3494 1063 3555 adiunxit.

84 3579 202 3642 Pater
221 3600 339 3657 meus,
363 3579 474 3663 inquit,
500 3580 710 3657 Hamilcar,
733 3580 980 3663 puerulome,
1005 3584 1063 3642 ut·
1085 3569 1129 3634 25

84 3667 257 3747 poterion
273 3666 586 3751 ampliusnovem
601 3685 722 3730 annos
743 3670 856 3744 nato,
873 3667 1079 3745 inH‘isqa-

792 3807 794 3810 .
897 3765 935 3821 ζ’*
