2504 4080
349 207 392 267 H.
416 203 740 267 THEMISTOOLES.
994 204 1034 269 15

54 380 177 441 valeret
198 397 266 440 cnm
291 378 387 439 uariis
414 377 572 438 sententiis
599 379 784 452 certaretur,
813 376 1033 441 Themistocles

56 465 220 547 persuasit,
235 464 393 525 consilium
408 482 476 525 esse
490 461 652 543 Apollinis,
668 463 748 524 utin
762 481 857 524 naras
872 483 905 525 se
920 483 1034 544 suaque

57 552 243 624 conferrent3
265 569 335 611 eum
354 549 435 610 enim
457 548 545 610 adeo
567 547 733 627 significari
751 568 872 610 murum
886 550 1031 630 ligneum.

57 637 130 698 Hoc
136 636 258 697 consilio
265 636 391 716 probato
398 653 494 695 naves
502 635 542 695 ad
548 635 719 715 superiores
726 635 850 710 addunt,
866 638 901 696 ut
913 637 1033 698 omnino

59 724 209 784 ducentae
232 724 341 796 essent,
371 739 487 800 suaque
506 721 620 795 omnia,
648 739 725 800 quae
747 721 863 782 moveri
884 725 1032 801 poterant,
1055 719 1076 784 5

57 808 171 891 partim
185 806 344 882 Salamina,
365 807 477 888 partim
497 806 662 880 Troezena,
683 807 795 887 partim
809 805 962 885 Aeginam
982 809 1033 868 de·

54 896 191 976 portant;
220 896 395 973 quaestores
423 893 545 968 aerarii,
577 893 656 972 quod
683 894 715 953 in
740 893 853 973 templo
875 893 1034 961 Minervae

55 983 136 1056 erat,
168 984 199 1041 et
218 978 308 1060 pauci
328 979 457 1040 maiores
479 982 553 1039 natu
573 978 623 1039 rel
643 978 780 1039 homines
799 979 890 1057 egeni
909 979 942 1039 iu
963 998 1034 1040 arce

53 1072 282 1141 remanserunt,
302 1065 353 1124 vel
373 1067 497 1146 propter
518 1065 563 1125 rei
584 1064 744 1124 familiaris
766 1065 958 1139 tenuitatem,
982 1065 1033 1126 vel

54 1152 138 1232 quod
160 1151 382 1224 existimarent,
407 1154 513 1211 vetera
541 1150 709 1230 sepimenta
739 1151 819 1211 arcis
841 1151 944 1230 lignea
966 1171 1033 1212 esse
1056 1148 1098 1213 10

53 1257 159 1298 muros
174 1237 252 1311 illos,
268 1255 343 1315 quos
358 1235 471 1315 Pythia
486 1236 608 1296 diceret.
647 1235 690 1296 At
705 1235 830 1297 Xerxes
845 1237 1032 1318 Thermopy-

53 1323 95 1383 lis
110 1322 296 1403 expugnatis
308 1323 445 1402 protinus
460 1323 589 1383 accessit
603 1321 642 1382 ad
653 1326 721 1383 astu
731 1322 822 1402 idque
834 1322 917 1383 nullo
929 1323 1032 1383 defen-

55 1409 148 1469 dente
164 1407 256 1487 cepit,
270 1424 371 1469 arcem
386 1407 553 1468 intersectis
568 1408 620 1482 iis,
640 1408 691 1486 qui
705 1411 915 1468 remanserant
929 1412 960 1468 et
973 1409 1032 1468 for-

54 1495 130 1555 titer
149 1493 339 1569 restiterant,
363 1493 501 1555 incendio
526 1493 648 1553 delevit.
694 1491 763 1561 Quo
784 1493 888 1553 nuntio
908 1500 1032 1573 accepto

55 1599 127 1641 oum
139 1578 289 1647 ¹classiarii
309 1598 431 1640 manere
452 1599 512 1640 non
533 1578 680 1638 auderent
694 1585 725 1639 et
738 1578 863 1659 plurimi
877 1579 1032 1641 hortaren-
1056 1576 1097 1641 15

54 1667 121 1740 tur,
148 1668 183 1725 ut
205 1684 308 1745 pugna
331 1664 451 1726 navalis
477 1665 558 1744 apud
578 1664 729 1725 Isthmum
755 1665 836 1727 haud
861 1665 967 1747 procul
994 1665 1032 1727 ab

55 1751 196 1812 exercitu
210 1750 342 1830 pedestri
356 1749 450 1824 fieret,
467 1750 686 1812 Themistocles
701 1771 779 1811 unus
793 1752 907 1812 restitit
920 1752 1032 1812 docens

54 1838 205 1911 futurum,
226 1839 261 1896 ut
276 1833 387 1897 Graeci
402 1836 616 1912 dilaberentur,
641 1840 671 1897 et
685 1837 845 1899 universos
860 1857 949 1918 pares
964 1856 1033 1896 esse

56 1941 158 2004 posse,
172 1923 325 2003 dispersos
339 1922 498 2001 perituros.

100 2007 139 2068 In
154 2007 276 2068 consilio
291 2006 402 2068 ducum
416 2009 480 2069 aori
494 2008 684 2068 contentione
699 2007 751 2068 diu
772 2011 921 2067 certatum
935 2010 992 2081 est,
1014 2006 1044 2066 V
1055 2002 1098 2068 20

56 2095 153 2156 donec
173 2093 391 2154 Themistocles
410 2093 595 2173 Eurybiadi,
625 2093 695 2153 duci
716 2091 1031 2167 Lacedaemoniorum,

55 2180 109 2261 qui
130 2182 195 2240 tum
216 2198 332 2239 summo
360 2179 487 2261 imperio
515 2185 667 2259 praeerat,
695 2179 858 2259 persuasit,
890 2181 925 2238 ut
951 2177 1032 2258 apud

55 2265 210 2327 Salamina
223 2265 421 2326 decertarent.
466 2261 563 2325 Simul
578 2265 710 2325 minatus
724 2275 784 2339 est,
805 2265 865 2325 nisi
883 2263 915 2324 id
935 2263 1032 2341 fieret,

56 2350 258 2411 Athenienses
273 2369 343 2411 cum
357 2351 454 2411 classe
475 2353 635 2411 erecturos
655 2353 686 2410 et
699 2348 791 2411 Sirim
805 2351 836 2411 in
850 2350 944 2411 Italia
956 2351 1032 2431 peti-

56 2446 157 2511 turos,
176 2438 211 2497 ut
223 2436 267 2496 ibi
280 2455 392 2497 novam
412 2436 543 2516 patriam
565 2439 744 2515 quaererent
765 2440 796 2497 et
814 2437 1033 2517 rempublicam
1055 2432 1097 2497 25

55 2521 281 2583 constituerent.
325 2521 393 2583 Hoc
412 2527 495 2583 metu
515 2525 682 2583 commotus
697 2521 888 2604 Eurybiades
910 2541 1033 2584 manere

56 2608 202 2669 decrevit.
247 2606 324 2670 Cum
351 2627 425 2669 vero
453 2607 565 2669 Persae
593 2607 734 2668 adessent
761 2612 792 2669 ot
818 2608 1032 2669 innumerabili

55 2693 144 2776 copia
157 2693 281 2755 navium
291 2697 387 2756 totum
397 2712 481 2754 mare
493 2695 659 2774 opplerent,
676 2691 786 2754 Graeci
801 2713 905 2753 rursus
924 2693 1032 2754 animis

55 2779 243 2854 ceciderunt,
265 2788 298 2841 et
321 2780 446 2841 oonsilio
466 2779 570 2840 habito
590 2779 702 2840 iterum
722 2779 839 2859 placuit
852 2798 885 2839 se
899 2778 938 2840 ad
952 2777 1032 2839 Isth-

55 2885 141 2927 mum
158 2865 302 2946 recipere.
347 2865 425 2926 Tum
445 2865 664 2926 Themistocles
684 2869 775 2926 noctu
795 2865 833 2924 de
856 2865 953 2926 serris
969 2865 1032 2925 suis
1053 2861 1097 2926 30
1200 2942 1205 2951 ⁸

55 2970 147 3032 quem
159 2951 266 3012 habuit
279 2951 498 3028 fidelissimum,
521 2950 685 3027 Sicinnum,
707 2951 746 3012 ad
760 2970 865 3030 regem
879 2952 976 3027 misit,
999 2955 1033 3013 ut

55 3038 86 3099 ei
106 3036 168 3098 suis
188 3037 291 3097 verbis
314 3038 480 3112 nuntiaret,
502 3037 695 3099 adversarios
709 3036 741 3097 in
755 3038 830 3118 fuga
843 3057 922 3113 esse;
940 3037 1033 3118 quisi

52 3124 275 3197 discessissent,
290 3123 406 3184 maiore
420 3143 488 3184 cum
503 3124 606 3184 labore
621 3126 652 3184 et
671 3123 883 3204 longinquiore
897 3129 1034 3206 tempore

52 3209 170 3272 bellum
185 3209 405 3284 confecturum,
431 3228 498 3270 cum
520 3209 657 3288 singulos
678 3211 844 3271 consectari
860 3215 1031 3292 cogeretur3

53 3314 131 3377 quos
145 3295 173 3356 si
184 3295 288 3356 statim
296 3295 526 3376 aggrederetur,
541 3295 628 3357 brevi
638 3297 797 3357 universos
808 3314 1030 3377 oppressurum.
1054 3290 1096 3354 35

52 3382 124 3444 Hoc
138 3401 174 3443 eo
189 3381 321 3457 valebat,
336 3385 372 3442 ut
384 3381 515 3460 ingratis
530 3382 569 3442 ad
580 3382 817 3463 depugnandum
828 3402 932 3444 omnes
944 3399 1031 3459 coge

51 3472 170 3531 rentur.
200 3467 268 3529 Hac
281 3487 316 3529 re
330 3467 433 3529 audita
448 3467 594 3529 barbarus
608 3469 684 3528 nihil
697 3468 760 3529 doli
771 3469 895 3529 subesse
906 3466 1032 3528 credens

51 3552 202 3638 postridie
226 3553 411 3615 alienissimo
441 3553 499 3613 sibi
528 3553 609 3629 loco,
642 3558 747 3616 contra
777 3551 1031 3635 opportunissimo
