2504 4080
205 280 247 344 36
524 280 579 341 Vl.
603 276 866 341 ALCIBIADES.

205 451 346 514 imminui
360 450 564 512 existimabat.
610 451 661 513 Ad
676 449 708 511 id
723 450 838 512 bellum
853 450 1022 530 gerendum
1036 449 1105 531 ipse
1119 468 1192 513 cnm

206 537 296 599 Nicia
320 539 352 598 et
365 535 517 599 Lamacho
544 537 610 598 dux
632 536 766 598 delectus
791 538 852 611 est,
880 545 1066 617 quamquam
1084 536 1192 600 Nicias

207 622 330 703 quidem
352 642 416 684 rem
440 622 641 699 dissuaserat,
657 640 748 702 quam
768 621 981 684 difficillimam
994 622 1192 704 etperioulo·

156 784 159 789 Ι
207 709 359 771 sissimam
392 728 461 770 esse
493 708 723 771 demonstrarit.
767 705 828 768 Sed
854 707 1057 772 Athenienses
1090 708 1192 790 magis

163 788 441 857 commotisunt
465 794 596 856 hominis
623 793 826 856 adolescentis
852 793 992 870 levitate,
1020 813 1113 875 quam
1133 794 1193 856 viri

207 881 366 962 prudentis
387 883 419 942 et
446 879 612 942 constmitis
638 878 808 960 gravitate,
835 882 867 940 et
892 883 1036 960 quantam
1062 881 1192 943 classem

208 970 397 1047 quantasque
412 965 514 1045 copias
529 984 604 1046 opus
620 985 686 1026 esse
702 966 741 1026 ad
755 984 822 1026 rem
836 966 913 1026 bene
928 966 1095 1045 gerendam
1106 964 1190 1028 Aloi-

208 1053 314 1115 hiades
328 1051 577 1126 dixerattantas
592 1051 695 1131 parari
708 1051 871 1112 iusserunt.

142 1134 190 1198 IV
296 1136 334 1197 Id
350 1136 467 1197 bellurn
481 1154 552 1198 cum
566 1140 764 1218 appararetnr
778 1137 955 1218 priusquam
970 1137 1078 1198 classis
1091 1137 1191 1199 exiret

146 1216 188 1282 10
209 1221 379 1297 accidiam
401 1241 462 1283 una
481 1225 569 1283 nocte
590 1242 695 1284 omnes
717 1224 780 1283 fere
795 1222 943 1299 Hermae,
967 1223 1018 1303 qui
1033 1224 1065 1284 in
1080 1223 1191 1304 oppido

209 1307 339 1368 Athenis
355 1309 451 1382 erant,
474 1307 690 1368 mutilarentur
705 1311 826 1388 praeter
845 1327 971 1388 paucos,
992 1309 1024 1369 in
1039 1310 1150 1389 quibus
1165 1309 1190 1369 is

209 1392 277 1468 fuit,
293 1391 345 1472 qui
360 1397 431 1454 ante
445 1393 568 1455 ianuam
583 1396 649 1454 erat
663 1392 838 1455 Andocidis.
883 1394 991 1474 Itaque
1010 1394 1064 1456 ille
1086 1397 1192 1476 postea

209 1477 382 1540 Mercurius
396 1479 563 1543 Andocidis
582 1479 735 1541 vocitatus
751 1485 806 1540 est.
851 1479 919 1542 Hoc
934 1498 1003 1541 curn
1018 1485 1189 1562 appareret,

210 1584 270 1628 non
286 1566 353 1626 sine
367 1585 480 1647 magna
493 1566 659 1628 multorum
675 1565 870 1628 consensione
885 1585 952 1626 esse
967 1567 1097 1642 factum,
1110 1574 1191 1646 qnae

146 1643 188 1709 15
209 1670 270 1712 non
285 1652 325 1711 ad
339 1652 507 1730 privatam,
533 1652 588 1712 sed
610 1652 764 1732 publicam
783 1670 849 1712 rem
874 1651 1055 1730 pertineret,
1083 1652 1192 1731 ingens

209 1735 399 1796 multitudini
415 1736 506 1798 timor
527 1741 575 1797 est
597 1737 741 1811 iniectus,
768 1756 808 1796 ne
834 1754 893 1816 qua
917 1738 1077 1818 repentina
1096 1737 1192 1799 visin

210 1819 335 1881 civitate
351 1821 505 1897 existeret,
521 1840 599 1902 qnae
613 1821 786 1882 libertatern
799 1821 904 1902 populi
916 1822 1109 1903 opprimeret.
1124 1822 1191 1885 Hoc

209 1907 344 1969 maxime
360 1907 523 1968 convenire
537 1907 570 1967 in
583 1904 776 1968 Alcibiadem
790 1907 965 1983 videbatur,
987 1910 1068 1989 quod
1088 1911 1120 1970 et
1141 1928 1191 1989 po-

210 1992 323 2054 tentior
343 1995 375 2054 et
396 1993 493 2054 maior
514 2011 603 2073 quam
625 1993 765 2073 privatus
792 1993 1033 2055 existimabatur.
1077 1993 1192 2056 Multos

146 2073 190 2139 20
211 2077 293 2140 enirn
313 2079 499 2141 liberalitate
514 2077 712 2153 devinxerat,
737 2079 842 2159 plnres
865 2079 957 2139 etiarn
973 2098 1066 2159 opera
1079 2079 1193 2141 forensi

210 2183 281 2224 suos
296 2165 479 2225 reddiderat.
503 2163 607 2233 Quare
621 2163 723 2239 fiebat,
739 2168 773 2225 ut
788 2165 922 2226 omniurn
933 2165 1046 2241 oculos,
1060 2165 1193 2245 quoties-

212 2267 342 2328 cumque
361 2249 394 2309 in
414 2249 570 2330 publicum
586 2249 750 2328 prodisset,
773 2250 812 2311 ad
833 2270 867 2310 se
887 2253 1080 2312 converteret
1094 2268 1192 2332 nequo

211 2333 241 2395 ei
255 2352 312 2415 par
327 2334 487 2414 qnisquam
502 2335 534 2394 in
548 2335 675 2396 civitate
690 2338 861 2416 poneretur.
894 2335 1004 2416 Reque
1018 2356 1079 2398 non
1094 2338 1193 2400 solum

146 2500 190 2566 25
212 2420 932 2587 {attrahunttribuistis?
947 2422 1193 2588 tlillilallhd

213 2589 305 2652 otiam
319 2590 452 2667 infamia,
470 2591 550 2671 qnod
564 2591 596 2651 in
611 2591 699 2655 domo
715 2612 771 2653 sua
785 2593 887 2654 faeere
902 2594 1051 2674 mysteria
1072 2594 1193 2656 diceba·

212 2679 277 2752 tur,
300 2677 381 2757 quod
402 2678 487 2739 nolas
513 2686 578 2739 crat
600 2698 685 2739 more
706 2676 939 2739 Atheniensium
959 2679 1050 2759 idque
1071 2699 1133 2742 non
1153 2679 1194 2742 ad

212 2763 402 2844 religionem,
419 2764 473 2824 sed
488 2764 526 2826 ad
541 2764 781 2827 coniurationem
795 2765 947 2845 pertinere
962 2765 1134 2827 videbatur.

161 2846 192 2908 V
299 2847 367 2910 Hoc
388 2849 514 2913 crimine
534 2851 566 2911 in
586 2851 726 2912 contione
740 2852 778 2911 ab
798 2850 929 2911 inimicis
944 2850 1192 2930 compellabatur.

148 2928 192 2995 30
214 2930 274 2993 Sed
300 2933 434 2996 instabat
459 2939 580 3017 tempus
606 2937 645 2997 ad
670 2936 786 2997 bellum
811 2935 1030 3016 proficiscendi.
1075 2937 1115 2997 Id
1140 2936 1193 2996 ille

212 3019 333 3079 intuens
358 3039 458 3100 neque
483 3022 629 3101 ignorans
655 3021 769 3083 civium
791 3040 915 3087 suorum
944 3021 1194 3085 consuetudinem

212 3105 394 3184 postulabat,
411 3106 438 3167 si
454 3107 528 3187 quid
543 3107 581 3168 de
597 3126 630 3167 se
645 3107 697 3186 agi
713 3106 836 3181 vellent,
860 3108 962 3187 potius
977 3109 1016 3169 de
1031 3110 1195 3188 praesente

212 3191 351 3269 quaestio
366 3192 537 3269 haberetur,
554 3211 646 3272 quam
661 3193 770 3255 absens
785 3192 918 3254 invidiae
934 3193 1062 3255 crimine
1072 3210 1195 3254 accusa·

212 3278 306 3336 retur.
350 3274 473 3338 Inimici
487 3296 562 3340 vero
577 3277 643 3338 eins
660 3277 877 3357 quiescendum
891 3279 923 3339 in
939 3278 1100 3360 praesenti,
1124 3277 1196 3360 qnia

149 3356 192 3423 35
213 3362 316 3423 noceri
330 3382 392 3425 non
405 3382 496 3444 posse
510 3363 734 3442 intelligebant,
751 3367 782 3425 et
796 3363 873 3425 illud
885 3368 1005 3447 tempus
1015 3369 1196 3445 exspectan-

211 3448 287 3509 dnm
300 3447 516 3525 decreverunt,
539 3468 598 3529 quo
620 3449 747 3524 exisset,
770 3452 804 3511 ut
818 3450 975 3513 absentem
990 3449 1197 3531 aggrederen-

212 3537 278 3610 tnr;
303 3532 407 3615 itaque
428 3535 574 3596 iecerunt.
619 3535 698 3598 Nam
721 3539 883 3616 postquam
912 3537 944 3597 in
964 3534 1101 3597 Siciliam
1124 3544 1197 3597 euin

212 3619 391 3700 pervenisse
412 3620 622 3698 crediderunt,
645 3622 810 3698 absentem,
834 3623 914 3704 qnod
935 3640 1024 3685 sacra
1037 3622 1197 3698 violasset,
