<?xml version="1.0" encoding="UTF-8"?>
<!DOCTYPE html PUBLIC "-//W3C//DTD XHTML 1.0 Transitional//EN"
    "http://www.w3.org/TR/xhtml1/DTD/xhtml1-transitional.dtd">
<html xmlns="http://www.w3.org/1999/xhtml" xml:lang="en" lang="en">
 <head>
  <title>
</title>
<meta http-equiv="Content-Type" content="text/html;charset=utf-8" />
  <meta name='ocr-system' content='tesseract 3.04.00' />
  <meta name='ocr-capabilities' content='ocr_page ocr_carea ocr_par ocr_line ocrx_word'/>
</head>
<body>
  <div class='ocr_page' id='page_1' title='image "./liberdeexcelben00nepogoog_0086.png"; bbox 0 0 2504 4080; ppageno 0'>
   <div class='ocr_carea' id='block_1_1' title="bbox 435 180 1080 300">
    <p class='ocr_par' dir='ltr' id='par_1_1' title="bbox 435 180 1080 300">
     <span class='ocr_line' id='line_1_1' title="bbox 435 180 1080 300; baseline 0.003 -4"><span class='ocrx_word' id='word_1_1' title='bbox 435 236 476 296; x_wconf 90' lang='lat' dir='ltr'>X.</span> <span class='ocrx_word' id='word_1_2' title='bbox 501 180 743 299; x_wconf 68' lang='lat' dir='ltr'>sessurus,</span> <span class='ocrx_word' id='word_1_3' title='bbox 1040 235 1080 300; x_wconf 89' lang='grc'>61</span> 
     </span>
    </p>
   </div>
   <div class='ocr_carea' id='block_1_2' title="bbox 69 406 1171 3657">
    <p class='ocr_par' dir='ltr' id='par_1_2' title="bbox 98 406 1147 1428">
     <span class='ocr_line' id='line_1_2' title="bbox 98 406 1084 487; baseline 0.001 -19"><span class='ocrx_word' id='word_1_4' title='bbox 98 427 119 468; x_wconf 89' lang='lat' dir='ltr'>a</span> <span class='ocrx_word' id='word_1_5' title='bbox 148 407 284 468; x_wconf 71' lang='lat' dir='ltr'>cuiusvis</span> <span class='ocrx_word' id='word_1_6' title='bbox 317 407 414 487; x_wconf 88' lang='lat' dir='ltr'>inopis</span> <span class='ocrx_word' id='word_1_7' title='bbox 446 410 499 469; x_wconf 89' lang='lat' dir='ltr'>aut</span> <span class='ocrx_word' id='word_1_8' title='bbox 524 407 637 486; x_wconf 78' lang='lat' dir='ltr'>privati</span> <span class='ocrx_word' id='word_1_9' title='bbox 659 406 757 467; x_wconf 92' lang='lat' dir='ltr'>domo.</span> <span class='ocrx_word' id='word_1_10' title='bbox 779 442 823 453; x_wconf 92' lang='lat'>—</span> <span class='ocrx_word' id='word_1_11' title='bbox 844 408 1021 468; x_wconf 88' lang='lat' dir='ltr'>Insecutnm</span> <span class='ocrx_word' id='word_1_12' title='bbox 1036 413 1084 470; x_wconf 89' lang='lat' dir='ltr'>est</span> 
     </span>
     <span class='ocr_line' id='line_1_3' title="bbox 99 489 1083 572; baseline 0 -18"><span class='ocrx_word' id='word_1_13' title='bbox 99 494 231 567; x_wconf 88' lang='lat' dir='ltr'>bellum,</span> <span class='ocrx_word' id='word_1_14' title='bbox 254 493 334 572; x_wconf 91' lang='lat' dir='ltr'>quod</span> <span class='ocrx_word' id='word_1_15' title='bbox 350 493 421 572; x_wconf 81' lang='lat' dir='ltr'>qula</span> <span class='ocrx_word' id='word_1_16' title='bbox 436 494 517 553; x_wconf 89' lang='lat' dir='ltr'>circa</span> <span class='ocrx_word' id='word_1_17' title='bbox 533 489 711 553; x_wconf 81' lang='lat' dir='ltr'>Corinthum</span> <span class='ocrx_word' id='word_1_18' title='bbox 726 496 774 552; x_wconf 93' lang='lat' dir='ltr'>est</span> <span class='ocrx_word' id='word_1_19' title='bbox 795 494 952 569; x_wconf 89' lang='lat' dir='ltr'>collatum,</span> <span class='ocrx_word' id='word_1_20' title='bbox 978 491 1083 556; x_wconf 87' lang='lat' dir='ltr'>Corin·</span> 
     </span>
     <span class='ocr_line' id='line_1_4' title="bbox 99 578 1083 660; baseline 0.002 -21"><span class='ocrx_word' id='word_1_21' title='bbox 99 580 201 640; x_wconf 89' lang='lat' dir='ltr'>thium</span> <span class='ocrx_word' id='word_1_22' title='bbox 223 579 405 658; x_wconf 80' lang='lat' dir='ltr'>appellatur.</span> <span class='ocrx_word' id='word_1_23' title='bbox 447 578 485 638; x_wconf 92' lang='lat' dir='ltr'>In</span> <span class='ocrx_word' id='word_1_24' title='bbox 505 597 540 638; x_wconf 93' lang='lat' dir='ltr'>eo</span> <span class='ocrx_word' id='word_1_25' title='bbox 562 596 682 657; x_wconf 91' lang='lat' dir='ltr'>quoque</span> <span class='ocrx_word' id='word_1_26' title='bbox 703 597 826 657; x_wconf 91' lang='lat' dir='ltr'>operam</span> <span class='ocrx_word' id='word_1_27' title='bbox 852 581 968 658; x_wconf 81' lang='lat' dir='ltr'>patriae</span> <span class='ocrx_word' id='word_1_28' title='bbox 997 600 1083 660; x_wconf 83' lang='lat' dir='ltr'>prae·</span> 
     </span>
     <span class='ocr_line' id='line_1_5' title="bbox 100 662 1083 743; baseline 0.003 -19"><span class='ocrx_word' id='word_1_29' title='bbox 100 665 189 725; x_wconf 86' lang='lat' dir='ltr'>stitit.</span> <span class='ocrx_word' id='word_1_30' title='bbox 234 662 311 724; x_wconf 92' lang='lat' dir='ltr'>Cum</span> <span class='ocrx_word' id='word_1_31' title='bbox 326 665 518 724; x_wconf 79' lang='lat' dir='ltr'>adversarios</span> <span class='ocrx_word' id='word_1_32' title='bbox 532 664 613 724; x_wconf 88' lang='lat' dir='ltr'>intra</span> <span class='ocrx_word' id='word_1_33' title='bbox 628 663 747 723; x_wconf 90' lang='lat' dir='ltr'>moenia</span> <span class='ocrx_word' id='word_1_34' title='bbox 762 666 959 743; x_wconf 73' lang='lat' dir='ltr'>compulisset</span> <span class='ocrx_word' id='word_1_35' title='bbox 979 673 1025 738; x_wconf 90' lang='lat' dir='ltr'>et,</span> <span class='ocrx_word' id='word_1_36' title='bbox 1048 668 1083 727; x_wconf 87' lang='lat' dir='ltr'>ut</span> 
     </span>
     <span class='ocr_line' id='line_1_6' title="bbox 102 746 1125 830; baseline 0.002 -20"><span class='ocrx_word' id='word_1_37' title='bbox 102 746 280 810; x_wconf 81' lang='lat' dir='ltr'>Corinthum</span> <span class='ocrx_word' id='word_1_38' title='bbox 295 753 496 829; x_wconf 79' lang='lat' dir='ltr'>expugnaret,</span> <span class='ocrx_word' id='word_1_39' title='bbox 511 749 600 808; x_wconf 89' lang='lat' dir='ltr'>multi</span> <span class='ocrx_word' id='word_1_40' title='bbox 612 749 814 824; x_wconf 82' lang='lat' dir='ltr'>hortarentur,</span> <span class='ocrx_word' id='word_1_41' title='bbox 829 752 957 830; x_wconf 78' lang='lat' dir='ltr'>negavit</span> <span class='ocrx_word' id='word_1_42' title='bbox 967 752 999 812; x_wconf 90' lang='lat' dir='ltr'>id</span> <span class='ocrx_word' id='word_1_43' title='bbox 1010 771 1083 814; x_wconf 88' lang='lat' dir='ltr'>suae</span> <span class='ocrx_word' id='word_1_44' title='bbox 1104 749 1125 812; x_wconf 80' lang='lat'>5</span> 
     </span>
     <span class='ocr_line' id='line_1_7' title="bbox 101 834 1083 914; baseline 0.003 -19"><span class='ocrx_word' id='word_1_45' title='bbox 101 836 210 895; x_wconf 83' lang='lat' dir='ltr'>virtuti</span> <span class='ocrx_word' id='word_1_46' title='bbox 226 837 404 909; x_wconf 80' lang='lat' dir='ltr'>convenire3</span> <span class='ocrx_word' id='word_1_47' title='bbox 420 856 453 895; x_wconf 92' lang='lat' dir='ltr'>se</span> <span class='ocrx_word' id='word_1_48' title='bbox 468 835 548 895; x_wconf 87' lang='lat' dir='ltr'>enim</span> <span class='ocrx_word' id='word_1_49' title='bbox 564 854 633 894; x_wconf 92' lang='lat' dir='ltr'>eum</span> <span class='ocrx_word' id='word_1_50' title='bbox 648 853 715 895; x_wconf 90' lang='lat' dir='ltr'>esse</span> <span class='ocrx_word' id='word_1_51' title='bbox 725 834 813 910; x_wconf 87' lang='lat' dir='ltr'>dixit,</span> <span class='ocrx_word' id='word_1_52' title='bbox 829 836 881 914; x_wconf 94' lang='lat' dir='ltr'>qui</span> <span class='ocrx_word' id='word_1_53' title='bbox 895 837 935 896; x_wconf 93' lang='lat' dir='ltr'>ad</span> <span class='ocrx_word' id='word_1_54' title='bbox 949 837 1083 898; x_wconf 84' lang='lat' dir='ltr'>officium</span> 
     </span>
     <span class='ocr_line' id='line_1_8' title="bbox 100 919 1081 1001; baseline 0.002 -21"><span class='ocrx_word' id='word_1_55' title='bbox 100 922 261 1001; x_wconf 87' lang='lat' dir='ltr'>peccantes</span> <span class='ocrx_word' id='word_1_56' title='bbox 274 922 374 981; x_wconf 87' lang='lat' dir='ltr'>redire</span> <span class='ocrx_word' id='word_1_57' title='bbox 385 928 517 1000; x_wconf 88' lang='lat' dir='ltr'>cogeret,</span> <span class='ocrx_word' id='word_1_58' title='bbox 532 940 591 980; x_wconf 91' lang='lat' dir='ltr'>non</span> <span class='ocrx_word' id='word_1_59' title='bbox 607 921 658 999; x_wconf 92' lang='lat' dir='ltr'>qui</span> <span class='ocrx_word' id='word_1_60' title='bbox 669 921 760 980; x_wconf 91' lang='lat' dir='ltr'>urbes</span> <span class='ocrx_word' id='word_1_61' title='bbox 773 921 975 984; x_wconf 88' lang='lat' dir='ltr'>nobilissimas</span> <span class='ocrx_word' id='word_1_62' title='bbox 988 919 1081 983; x_wconf 82' lang='lat' dir='ltr'>Grae-</span> 
     </span>
     <span class='ocr_line' id='line_1_9' title="bbox 99 1005 1083 1087; baseline 0.002 -21"><span class='ocrx_word' id='word_1_63' title='bbox 99 1007 167 1067; x_wconf 92' lang='lat' dir='ltr'>ciae</span> <span class='ocrx_word' id='word_1_64' title='bbox 190 1010 389 1086; x_wconf 84' lang='lat' dir='ltr'>expugnaret.</span> <span class='ocrx_word' id='word_1_65' title='bbox 433 1006 525 1067; x_wconf 89' lang='lat' dir='ltr'>Nam</span> <span class='ocrx_word' id='word_1_66' title='bbox 540 1005 580 1081; x_wconf 91' lang='lat' dir='ltr'>si,</span> <span class='ocrx_word' id='word_1_67' title='bbox 601 1005 713 1085; x_wconf 88' lang='lat' dir='ltr'>inquit,</span> <span class='ocrx_word' id='word_1_68' title='bbox 737 1025 803 1067; x_wconf 92' lang='lat' dir='ltr'>eos</span> <span class='ocrx_word' id='word_1_69' title='bbox 824 1008 1083 1087; x_wconf 83' lang='lat' dir='ltr'>exstinguere</span> 
     </span>
     <span class='ocr_line' id='line_1_10' title="bbox 99 1091 1082 1171; baseline 0.003 -20"><span class='ocrx_word' id='word_1_70' title='bbox 99 1093 356 1168; x_wconf 79' lang='lat' dir='ltr'>voluerimus,</span> <span class='ocrx_word' id='word_1_71' title='bbox 379 1092 443 1171; x_wconf 91' lang='lat' dir='ltr'>qui</span> <span class='ocrx_word' id='word_1_72' title='bbox 469 1092 664 1153; x_wconf 87' lang='lat' dir='ltr'>nobiseum</span> <span class='ocrx_word' id='word_1_73' title='bbox 687 1091 870 1153; x_wconf 86' lang='lat' dir='ltr'>adversus</span> <span class='ocrx_word' id='word_1_74' title='bbox 896 1094 1082 1154; x_wconf 87' lang='lat' dir='ltr'>barbaros</span> 
     </span>
     <span class='ocr_line' id='line_1_11' title="bbox 99 1176 1147 1258; baseline 0.002 -20"><span class='ocrx_word' id='word_1_75' title='bbox 99 1180 314 1252; x_wconf 89' lang='lat' dir='ltr'>steterunt,</span> <span class='ocrx_word' id='word_1_76' title='bbox 339 1182 488 1238; x_wconf 87' lang='lat' dir='ltr'>nosmet</span> <span class='ocrx_word' id='word_1_77' title='bbox 510 1178 587 1257; x_wconf 89' lang='lat' dir='ltr'>ipsi</span> <span class='ocrx_word' id='word_1_78' title='bbox 609 1197 677 1239; x_wconf 85' lang='lat' dir='ltr'>nos</span> <span class='ocrx_word' id='word_1_79' title='bbox 705 1180 1079 1258; x_wconf 86' lang='lat' dir='ltr'>expugnaverimus,</span> <span class='ocrx_word' id='word_1_80' title='bbox 1105 1176 1147 1240; x_wconf 84' lang='lat'>10</span> 
     </span>
     <span class='ocr_line' id='line_1_12' title="bbox 100 1262 1081 1345; baseline 0.004 -23"><span class='ocrx_word' id='word_1_81' title='bbox 100 1263 185 1323; x_wconf 88' lang='lat' dir='ltr'>illis</span> <span class='ocrx_word' id='word_1_82' title='bbox 211 1264 515 1342; x_wconf 83' lang='lat' dir='ltr'>quiescentibus.</span> <span class='ocrx_word' id='word_1_83' title='bbox 568 1262 647 1333; x_wconf 81' lang='lat' dir='ltr'>Quo</span> <span class='ocrx_word' id='word_1_84' title='bbox 673 1265 776 1324; x_wconf 85' lang='lat' dir='ltr'>facto</span> <span class='ocrx_word' id='word_1_85' title='bbox 803 1265 884 1325; x_wconf 91' lang='lat' dir='ltr'>sine</span> <span class='ocrx_word' id='word_1_86' title='bbox 909 1265 1081 1345; x_wconf 90' lang='lat' dir='ltr'>negotio,</span> 
     </span>
     <span class='ocr_line' id='line_1_13' title="bbox 99 1349 741 1428; baseline 0 -20"><span class='ocrx_word' id='word_1_87' title='bbox 99 1349 741 1428; x_wconf 84' lang='lat' dir='ltr'>cumvoluerint,nosoppriment.</span> 
     </span>
    </p>

    <p class='ocr_par' dir='ltr' id='par_1_3' title="bbox 69 1431 1171 3399">
     <span class='ocr_line' id='line_1_14' title="bbox 188 1431 1171 1514; baseline 0.002 -19"><span class='ocrx_word' id='word_1_88' title='bbox 188 1432 264 1495; x_wconf 87' lang='lat' dir='ltr'>Cum</span> <span class='ocrx_word' id='word_1_89' title='bbox 276 1431 399 1496; x_wconf 90' lang='lat' dir='ltr'>Conone</span> <span class='ocrx_word' id='word_1_90' title='bbox 413 1434 490 1494; x_wconf 92' lang='lat' dir='ltr'>duce</span> <span class='ocrx_word' id='word_1_91' title='bbox 502 1434 704 1494; x_wconf 79' lang='lat' dir='ltr'>Athenienses</span> <span class='ocrx_word' id='word_1_92' title='bbox 719 1434 882 1514; x_wconf 88' lang='lat' dir='ltr'>imperium</span> <span class='ocrx_word' id='word_1_93' title='bbox 896 1436 1082 1496; x_wconf 90' lang='lat' dir='ltr'>maritimum</span> <span class='ocrx_word' id='word_1_94' title='bbox 1088 1434 1171 1497; x_wconf 84' lang='lat' dir='ltr'><strong>VIII</strong></span> 
     </span>
     <span class='ocr_line' id='line_1_15' title="bbox 100 1519 1083 1600; baseline 0 -20"><span class='ocrx_word' id='word_1_95' title='bbox 100 1523 333 1600; x_wconf 88' lang='lat' dir='ltr'>recuperassent</span> <span class='ocrx_word' id='word_1_96' title='bbox 363 1525 394 1581; x_wconf 92' lang='lat' dir='ltr'>et</span> <span class='ocrx_word' id='word_1_97' title='bbox 419 1539 503 1582; x_wconf 88' lang='lat' dir='ltr'>oram</span> <span class='ocrx_word' id='word_1_98' title='bbox 533 1519 683 1580; x_wconf 88' lang='lat' dir='ltr'>Laconiae</span> <span class='ocrx_word' id='word_1_99' title='bbox 709 1524 879 1592; x_wconf 87' lang='lat' dir='ltr'>vastarent,</span> <span class='ocrx_word' id='word_1_100' title='bbox 908 1521 1009 1580; x_wconf 82' lang='lat' dir='ltr'>visum</span> <span class='ocrx_word' id='word_1_101' title='bbox 1036 1522 1083 1580; x_wconf 92' lang='lat' dir='ltr'>est</span> 
     </span>
     <span class='ocr_line' id='line_1_16' title="bbox 101 1603 1148 1684; baseline 0.002 -18"><span class='ocrx_word' id='word_1_102' title='bbox 101 1605 348 1667; x_wconf 85' lang='lat' dir='ltr'>Lacedaemoniis</span> <span class='ocrx_word' id='word_1_103' title='bbox 368 1606 483 1666; x_wconf 90' lang='lat' dir='ltr'>bellum</span> <span class='ocrx_word' id='word_1_104' title='bbox 503 1623 571 1663; x_wconf 92' lang='lat' dir='ltr'>cum</span> <span class='ocrx_word' id='word_1_105' title='bbox 596 1624 670 1682; x_wconf 87' lang='lat' dir='ltr'>roge</span> <span class='ocrx_word' id='word_1_106' title='bbox 696 1623 885 1684; x_wconf 91' lang='lat' dir='ltr'>componere.</span> <span class='ocrx_word' id='word_1_107' title='bbox 931 1605 1084 1666; x_wconf 89' lang='lat' dir='ltr'>Miserunt</span> <span class='ocrx_word' id='word_1_108' title='bbox 1106 1603 1148 1668; x_wconf 83' lang='lat'>15</span> 
     </span>
     <span class='ocr_line' id='line_1_17' title="bbox 100 1690 1084 1772; baseline 0.001 -21"><span class='ocrx_word' id='word_1_109' title='bbox 100 1692 197 1770; x_wconf 88' lang='lat' dir='ltr'>igitur</span> <span class='ocrx_word' id='word_1_110' title='bbox 217 1691 413 1753; x_wconf 87' lang='lat' dir='ltr'>Antalcidam</span> <span class='ocrx_word' id='word_1_111' title='bbox 433 1691 472 1751; x_wconf 88' lang='lat' dir='ltr'>ad</span> <span class='ocrx_word' id='word_1_112' title='bbox 495 1690 681 1763; x_wconf 82' lang='lat' dir='ltr'>Tiribazum,</span> <span class='ocrx_word' id='word_1_113' title='bbox 704 1691 893 1768; x_wconf 86' lang='lat' dir='ltr'>praefectum</span> <span class='ocrx_word' id='word_1_114' title='bbox 912 1693 1008 1772; x_wconf 87' lang='lat' dir='ltr'>regis,</span> <span class='ocrx_word' id='word_1_115' title='bbox 1031 1691 1084 1771; x_wconf 87' lang='lat' dir='ltr'>qui</span> 
     </span>
     <span class='ocr_line' id='line_1_18' title="bbox 100 1775 1085 1857; baseline 0.001 -20"><span class='ocrx_word' id='word_1_116' title='bbox 100 1796 208 1857; x_wconf 89' lang='lat' dir='ltr'>pacem</span> <span class='ocrx_word' id='word_1_117' title='bbox 229 1778 302 1838; x_wconf 84' lang='lat' dir='ltr'>feeit</span> <span class='ocrx_word' id='word_1_118' title='bbox 323 1797 360 1838; x_wconf 90' lang='lat' dir='ltr'>ea</span> <span class='ocrx_word' id='word_1_119' title='bbox 382 1777 569 1850; x_wconf 89' lang='lat' dir='ltr'>condicione,</span> <span class='ocrx_word' id='word_1_120' title='bbox 598 1781 632 1836; x_wconf 93' lang='lat' dir='ltr'>ut</span> <span class='ocrx_word' id='word_1_121' title='bbox 658 1795 763 1836; x_wconf 90' lang='lat' dir='ltr'>omnes</span> <span class='ocrx_word' id='word_1_122' title='bbox 787 1777 926 1839; x_wconf 79' lang='lat' dir='ltr'>civitates</span> <span class='ocrx_word' id='word_1_123' title='bbox 948 1775 1085 1839; x_wconf 86' lang='lat' dir='ltr'>Graecae</span> 
     </span>
     <span class='ocr_line' id='line_1_19' title="bbox 101 1858 1083 1942; baseline 0.001 -21"><span class='ocrx_word' id='word_1_124' title='bbox 101 1860 196 1923; x_wconf 88' lang='lat' dir='ltr'>Asiae</span> <span class='ocrx_word' id='word_1_125' title='bbox 220 1867 251 1924; x_wconf 89' lang='lat' dir='ltr'>et</span> <span class='ocrx_word' id='word_1_126' title='bbox 277 1860 476 1924; x_wconf 79' lang='lat' dir='ltr'>Clazomenae</span> <span class='ocrx_word' id='word_1_127' title='bbox 505 1858 686 1942; x_wconf 90' lang='lat' dir='ltr'>Cyprusque</span> <span class='ocrx_word' id='word_1_128' title='bbox 718 1862 836 1922; x_wconf 90' lang='lat' dir='ltr'>insulae</span> <span class='ocrx_word' id='word_1_129' title='bbox 861 1863 944 1942; x_wconf 89' lang='lat' dir='ltr'>regis</span> <span class='ocrx_word' id='word_1_130' title='bbox 973 1866 1083 1936; x_wconf 90' lang='lat' dir='ltr'>essent,</span> 
     </span>
     <span class='ocr_line' id='line_1_20' title="bbox 101 1941 1084 2028; baseline 0 -21"><span class='ocrx_word' id='word_1_131' title='bbox 101 1952 222 2008; x_wconf 87' lang='lat' dir='ltr'>ceterae</span> <span class='ocrx_word' id='word_1_132' title='bbox 247 1950 338 2009; x_wconf 89' lang='lat' dir='ltr'>urbes</span> <span class='ocrx_word' id='word_1_133' title='bbox 360 1941 507 2009; x_wconf 84' lang='lat' dir='ltr'>Graeciae</span> <span class='ocrx_word' id='word_1_134' title='bbox 534 1967 638 2008; x_wconf 91' lang='lat' dir='ltr'>omnes</span> <span class='ocrx_word' id='word_1_135' title='bbox 664 1947 712 2007; x_wconf 92' lang='lat' dir='ltr'>sui</span> <span class='ocrx_word' id='word_1_136' title='bbox 738 1947 813 2007; x_wconf 90' lang='lat' dir='ltr'>iuris</span> <span class='ocrx_word' id='word_1_137' title='bbox 834 1947 941 2009; x_wconf 88' lang='lat' dir='ltr'>fierent</span> <span class='ocrx_word' id='word_1_138' title='bbox 963 1950 1084 2028; x_wconf 91' lang='lat' dir='ltr'>praeter</span> 
     </span>
     <span class='ocr_line' id='line_1_21' title="bbox 101 2029 1150 2113; baseline 0.001 -19"><span class='ocrx_word' id='word_1_139' title='bbox 101 2033 249 2094; x_wconf 87' lang='lat' dir='ltr'>Lemnum</span> <span class='ocrx_word' id='word_1_140' title='bbox 261 2039 293 2095; x_wconf 89' lang='lat' dir='ltr'>et</span> <span class='ocrx_word' id='word_1_141' title='bbox 302 2035 440 2095; x_wconf 89' lang='lat' dir='ltr'>Imbrum</span> <span class='ocrx_word' id='word_1_142' title='bbox 455 2035 486 2093; x_wconf 92' lang='lat' dir='ltr'>et</span> <span class='ocrx_word' id='word_1_143' title='bbox 496 2031 635 2113; x_wconf 82' lang='lat' dir='ltr'>Scyrum,</span> <span class='ocrx_word' id='word_1_144' title='bbox 651 2032 724 2093; x_wconf 88' lang='lat' dir='ltr'>iliae</span> <span class='ocrx_word' id='word_1_145' title='bbox 740 2040 773 2093; x_wconf 92' lang='lat' dir='ltr'>ut</span> <span class='ocrx_word' id='word_1_146' title='bbox 787 2036 877 2093; x_wconf 88' lang='lat' dir='ltr'>anteo</span> <span class='ocrx_word' id='word_1_147' title='bbox 891 2034 922 2092; x_wconf 91' lang='lat' dir='ltr'>in</span> <span class='ocrx_word' id='word_1_148' title='bbox 933 2036 1085 2112; x_wconf 86' lang='lat' dir='ltr'>potestate</span> <span class='ocrx_word' id='word_1_149' title='bbox 1096 2045 1097 2048; x_wconf 76' lang='grc'>’</span> <span class='ocrx_word' id='word_1_150' title='bbox 1107 2029 1150 2095; x_wconf 80' lang='grc'>20</span> 
     </span>
     <span class='ocr_line' id='line_1_22' title="bbox 103 2117 1084 2199; baseline 0 -20"><span class='ocrx_word' id='word_1_151' title='bbox 103 2117 338 2180; x_wconf 85' lang='lat' dir='ltr'>Atheniensium</span> <span class='ocrx_word' id='word_1_152' title='bbox 358 2125 579 2199; x_wconf 87' lang='lat' dir='ltr'>permanerent.</span> <span class='ocrx_word' id='word_1_153' title='bbox 624 2117 687 2178; x_wconf 87' lang='lat' dir='ltr'>Eas</span> <span class='ocrx_word' id='word_1_154' title='bbox 707 2121 809 2178; x_wconf 91' lang='lat' dir='ltr'>autem</span> <span class='ocrx_word' id='word_1_155' title='bbox 830 2118 984 2193; x_wconf 89' lang='lat' dir='ltr'>civitates,</span> <span class='ocrx_word' id='word_1_156' title='bbox 1006 2137 1084 2198; x_wconf 91' lang='lat' dir='ltr'>quae</span> 
     </span>
     <span class='ocr_line' id='line_1_23' title="bbox 100 2203 1084 2284; baseline 0 -19"><span class='ocrx_word' id='word_1_157' title='bbox 100 2205 156 2266; x_wconf 90' lang='lat' dir='ltr'>has</span> <span class='ocrx_word' id='word_1_158' title='bbox 171 2205 361 2266; x_wconf 89' lang='lat' dir='ltr'>condiciones</span> <span class='ocrx_word' id='word_1_159' title='bbox 376 2206 514 2284; x_wconf 90' lang='lat' dir='ltr'>accipere</span> <span class='ocrx_word' id='word_1_160' title='bbox 529 2203 654 2279; x_wconf 90' lang='lat' dir='ltr'>nollent,</span> <span class='ocrx_word' id='word_1_161' title='bbox 674 2204 706 2263; x_wconf 83' lang='lat' dir='ltr'>vi</span> <span class='ocrx_word' id='word_1_162' title='bbox 721 2224 754 2264; x_wconf 92' lang='lat' dir='ltr'>se</span> <span class='ocrx_word' id='word_1_163' title='bbox 766 2209 941 2265; x_wconf 90' lang='lat' dir='ltr'>coacturum</span> <span class='ocrx_word' id='word_1_164' title='bbox 952 2205 1084 2265; x_wconf 89' lang='lat' dir='ltr'>minatus</span> 
     </span>
     <span class='ocr_line' id='line_1_24' title="bbox 99 2285 1085 2368; baseline -0.001 -17"><span class='ocrx_word' id='word_1_165' title='bbox 99 2296 157 2351; x_wconf 90' lang='lat' dir='ltr'>est.</span> <span class='ocrx_word' id='word_1_166' title='bbox 203 2290 275 2351; x_wconf 82' lang='lat' dir='ltr'>Sine</span> <span class='ocrx_word' id='word_1_167' title='bbox 296 2291 387 2351; x_wconf 89' lang='lat' dir='ltr'>dubio</span> <span class='ocrx_word' id='word_1_168' title='bbox 402 2290 633 2352; x_wconf 90' lang='lat' dir='ltr'>Lacedaemonii</span> <span class='ocrx_word' id='word_1_169' title='bbox 650 2285 798 2351; x_wconf 84' lang='lat' dir='ltr'>Graeciae</span> <span class='ocrx_word' id='word_1_170' title='bbox 818 2290 875 2351; x_wconf 94' lang='lat' dir='ltr'>hac</span> <span class='ocrx_word' id='word_1_171' title='bbox 892 2311 927 2350; x_wconf 91' lang='lat' dir='ltr'>re</span> <span class='ocrx_word' id='word_1_172' title='bbox 941 2309 1085 2368; x_wconf 91' lang='lat' dir='ltr'>magnam</span> 
     </span>
     <span class='ocr_line' id='line_1_25' title="bbox 101 2376 1085 2455; baseline 0 -19"><span class='ocrx_word' id='word_1_173' title='bbox 101 2376 242 2438; x_wconf 89' lang='lat' dir='ltr'>iniuriam</span> <span class='ocrx_word' id='word_1_174' title='bbox 258 2377 434 2451; x_wconf 89' lang='lat' dir='ltr'>intulerunt,</span> <span class='ocrx_word' id='word_1_175' title='bbox 451 2394 520 2436; x_wconf 90' lang='lat' dir='ltr'>oum</span> <span class='ocrx_word' id='word_1_176' title='bbox 535 2376 667 2435; x_wconf 89' lang='lat' dir='ltr'>fructum</span> <span class='ocrx_word' id='word_1_177' title='bbox 682 2376 817 2436; x_wconf 90' lang='lat' dir='ltr'>omnium</span> <span class='ocrx_word' id='word_1_178' title='bbox 838 2376 975 2455; x_wconf 88' lang='lat' dir='ltr'>priorum</span> <span class='ocrx_word' id='word_1_179' title='bbox 989 2381 1085 2438; x_wconf 89' lang='lat' dir='ltr'>certa-</span> 
     </span>
     <span class='ocr_line' id='line_1_26' title="bbox 101 2456 1149 2540; baseline 0 -19"><span class='ocrx_word' id='word_1_180' title='bbox 101 2462 218 2522; x_wconf 90' lang='lat' dir='ltr'>minum</span> <span class='ocrx_word' id='word_1_181' title='bbox 249 2465 280 2530; x_wconf 85' lang='lat' dir='ltr'>et</span> <span class='ocrx_word' id='word_1_182' title='bbox 312 2463 462 2524; x_wconf 89' lang='lat' dir='ltr'>bellorum</span> <span class='ocrx_word' id='word_1_183' title='bbox 493 2481 561 2522; x_wconf 93' lang='lat' dir='ltr'>cum</span> <span class='ocrx_word' id='word_1_184' title='bbox 594 2461 699 2522; x_wconf 89' lang='lat' dir='ltr'>Persis</span> <span class='ocrx_word' id='word_1_185' title='bbox 729 2469 887 2540; x_wconf 90' lang='lat' dir='ltr'>gestorum</span> <span class='ocrx_word' id='word_1_186' title='bbox 912 2461 1082 2540; x_wconf 87' lang='lat' dir='ltr'>proderent.</span> <span class='ocrx_word' id='word_1_187' title='bbox 1107 2456 1149 2521; x_wconf 81' lang='lat'>25</span> 
     </span>
     <span class='ocr_line' id='line_1_27' title="bbox 69 2545 1085 2627; baseline -0.003 -19"><span class='ocrx_word' id='word_1_188' title='bbox 69 2552 73 2559; x_wconf 87' lang='grc'><strong>“</strong></span> <span class='ocrx_word' id='word_1_189' title='bbox 101 2546 191 2616; x_wconf 79' lang='lat' dir='ltr'>Quae</span> <span class='ocrx_word' id='word_1_190' title='bbox 206 2548 307 2608; x_wconf 90' lang='lat' dir='ltr'>omnia</span> <span class='ocrx_word' id='word_1_191' title='bbox 321 2548 403 2609; x_wconf 86' lang='lat' dir='ltr'>facta</span> <span class='ocrx_word' id='word_1_192' title='bbox 422 2550 494 2608; x_wconf 93' lang='lat' dir='ltr'>sunt</span> <span class='ocrx_word' id='word_1_193' title='bbox 517 2546 703 2627; x_wconf 87' lang='lat' dir='ltr'>approbante</span> <span class='ocrx_word' id='word_1_194' title='bbox 724 2545 886 2627; x_wconf 79' lang='lat' dir='ltr'>Agesila03</span> <span class='ocrx_word' id='word_1_195' title='bbox 908 2565 965 2607; x_wconf 92' lang='lat' dir='ltr'>nec</span> <span class='ocrx_word' id='word_1_196' title='bbox 984 2547 1085 2625; x_wconf 86' lang='lat' dir='ltr'>magis</span> 
     </span>
     <span class='ocr_line' id='line_1_28' title="bbox 100 2633 1094 2712; baseline -0.002 -19"><span class='ocrx_word' id='word_1_197' title='bbox 100 2634 132 2693; x_wconf 90' lang='lat' dir='ltr'>in</span> <span class='ocrx_word' id='word_1_198' title='bbox 147 2652 182 2694; x_wconf 92' lang='lat' dir='ltr'>eo</span> <span class='ocrx_word' id='word_1_199' title='bbox 198 2633 316 2694; x_wconf 88' lang='lat' dir='ltr'>iustitia</span> <span class='ocrx_word' id='word_1_200' title='bbox 331 2633 396 2694; x_wconf 91' lang='lat' dir='ltr'>eius</span> <span class='ocrx_word' id='word_1_201' title='bbox 410 2633 561 2694; x_wconf 90' lang='lat' dir='ltr'>laudanda</span> <span class='ocrx_word' id='word_1_202' title='bbox 576 2640 631 2704; x_wconf 92' lang='lat' dir='ltr'>est,</span> <span class='ocrx_word' id='word_1_203' title='bbox 653 2651 744 2710; x_wconf 88' lang='lat' dir='ltr'>quam</span> <span class='ocrx_word' id='word_1_204' title='bbox 758 2633 861 2693; x_wconf 90' lang='lat' dir='ltr'>verbis</span> <span class='ocrx_word' id='word_1_205' title='bbox 876 2652 996 2712; x_wconf 86' lang='lat' dir='ltr'>semper</span> <span class='ocrx_word' id='word_1_206' title='bbox 1011 2642 1094 2711; x_wconf 70' lang='lat' dir='ltr'>prae·</span> 
     </span>
     <span class='ocr_line' id='line_1_29' title="bbox 101 2717 1084 2800; baseline -0.002 -22"><span class='ocrx_word' id='word_1_207' title='bbox 101 2738 136 2779; x_wconf 90' lang='lat' dir='ltr'>se</span> <span class='ocrx_word' id='word_1_208' title='bbox 158 2720 289 2795; x_wconf 82' lang='lat' dir='ltr'>ferebat,</span> <span class='ocrx_word' id='word_1_209' title='bbox 313 2720 393 2800; x_wconf 90' lang='lat' dir='ltr'>quod</span> <span class='ocrx_word' id='word_1_210' title='bbox 413 2720 467 2795; x_wconf 80' lang='lat' dir='ltr'>illo</span> <span class='ocrx_word' id='word_1_211' title='bbox 489 2718 635 2779; x_wconf 90' lang='lat' dir='ltr'>suadente</span> <span class='ocrx_word' id='word_1_212' title='bbox 650 2717 773 2778; x_wconf 80' lang='lat' dir='ltr'>Thebae</span> <span class='ocrx_word' id='word_1_213' title='bbox 794 2717 982 2778; x_wconf 88' lang='lat' dir='ltr'>aPhoebida</span> <span class='ocrx_word' id='word_1_214' title='bbox 996 2717 1084 2796; x_wconf 85' lang='lat' dir='ltr'>perfi-</span> 
     </span>
     <span class='ocr_line' id='line_1_30' title="bbox 101 2801 1085 2886; baseline -0.003 -21"><span class='ocrx_word' id='word_1_215' title='bbox 101 2805 188 2865; x_wconf 92' lang='lat' dir='ltr'>diose</span> <span class='ocrx_word' id='word_1_216' title='bbox 210 2811 374 2886; x_wconf 88' lang='lat' dir='ltr'>occupatae</span> <span class='ocrx_word' id='word_1_217' title='bbox 394 2804 517 2885; x_wconf 90' lang='lat' dir='ltr'>publica</span> <span class='ocrx_word' id='word_1_218' title='bbox 537 2803 717 2864; x_wconf 89' lang='lat' dir='ltr'>auctoritate</span> <span class='ocrx_word' id='word_1_219' title='bbox 738 2803 955 2863; x_wconf 87' lang='lat' dir='ltr'>retinebantur.</span> <span class='ocrx_word' id='word_1_220' title='bbox 1002 2801 1085 2872; x_wconf 78' lang='lat' dir='ltr'>Quin</span> 
     </span>
     <span class='ocr_line' id='line_1_31' title="bbox 101 2884 1150 2970; baseline 0 -20"><span class='ocrx_word' id='word_1_221' title='bbox 101 2891 195 2951; x_wconf 89' lang='lat' dir='ltr'>etiam</span> <span class='ocrx_word' id='word_1_222' title='bbox 211 2908 280 2952; x_wconf 91' lang='lat' dir='ltr'>cum</span> <span class='ocrx_word' id='word_1_223' title='bbox 294 2895 399 2970; x_wconf 89' lang='lat' dir='ltr'>postea</span> <span class='ocrx_word' id='word_1_224' title='bbox 411 2889 548 2950; x_wconf 80' lang='lat' dir='ltr'>Thebani</span> <span class='ocrx_word' id='word_1_225' title='bbox 563 2888 745 2970; x_wconf 87' lang='lat' dir='ltr'>praesidium</span> <span class='ocrx_word' id='word_1_226' title='bbox 754 2888 909 2950; x_wconf 87' lang='lat' dir='ltr'>Laconum</span> <span class='ocrx_word' id='word_1_227' title='bbox 920 2908 937 2948; x_wconf 92' lang='lat' dir='ltr'>e</span> <span class='ocrx_word' id='word_1_228' title='bbox 950 2885 1085 2950; x_wconf 84' lang='lat' dir='ltr'>Cadmea</span> <span class='ocrx_word' id='word_1_229' title='bbox 1106 2884 1150 2950; x_wconf 83' lang='lat'>30</span> 
     </span>
     <span class='ocr_line' id='line_1_32' title="bbox 99 2973 1085 3057; baseline 0 -21"><span class='ocrx_word' id='word_1_230' title='bbox 99 2975 264 3037; x_wconf 90' lang='lat' dir='ltr'>eiecissent</span> <span class='ocrx_word' id='word_1_231' title='bbox 284 2981 490 3057; x_wconf 83' lang='lat' dir='ltr'>tyrannosque</span> <span class='ocrx_word' id='word_1_232' title='bbox 510 2975 719 3050; x_wconf 87' lang='lat' dir='ltr'>sustulissent,</span> <span class='ocrx_word' id='word_1_233' title='bbox 741 2979 777 3035; x_wconf 93' lang='lat' dir='ltr'>ut</span> <span class='ocrx_word' id='word_1_234' title='bbox 793 2973 948 3035; x_wconf 79' lang='lat' dir='ltr'>Thebanis</span> <span class='ocrx_word' id='word_1_235' title='bbox 969 2975 1085 3036; x_wconf 91' lang='lat' dir='ltr'>bellum</span> 
     </span>
     <span class='ocr_line' id='line_1_33' title="bbox 102 3060 1085 3141; baseline 0.001 -20"><span class='ocrx_word' id='word_1_236' title='bbox 102 3061 288 3123; x_wconf 87' lang='lat' dir='ltr'>indiceretur</span> <span class='ocrx_word' id='word_1_237' title='bbox 309 3062 393 3123; x_wconf 87' lang='lat' dir='ltr'>cives</span> <span class='ocrx_word' id='word_1_238' title='bbox 417 3080 488 3122; x_wconf 87' lang='lat' dir='ltr'>suos</span> <span class='ocrx_word' id='word_1_239' title='bbox 507 3061 679 3122; x_wconf 83' lang='lat' dir='ltr'>commovit.</span> <span class='ocrx_word' id='word_1_240' title='bbox 724 3061 797 3141; x_wconf 81' lang='lat' dir='ltr'>lpse</span> <span class='ocrx_word' id='word_1_241' title='bbox 817 3060 939 3140; x_wconf 90' lang='lat' dir='ltr'>quidem</span> <span class='ocrx_word' id='word_1_242' title='bbox 954 3064 1085 3123; x_wconf 89' lang='lat' dir='ltr'>aetatem</span> 
     </span>
     <span class='ocr_line' id='line_1_34' title="bbox 99 3147 1085 3228; baseline -0.001 -21"><span class='ocrx_word' id='word_1_243' title='bbox 99 3167 255 3209; x_wconf 87' lang='lat' dir='ltr'>excusans</span> <span class='ocrx_word' id='word_1_244' title='bbox 271 3149 309 3208; x_wconf 90' lang='lat' dir='ltr'>ab</span> <span class='ocrx_word' id='word_1_245' title='bbox 324 3148 410 3208; x_wconf 92' lang='lat' dir='ltr'>initio</span> <span class='ocrx_word' id='word_1_246' title='bbox 425 3147 506 3208; x_wconf 93' lang='lat' dir='ltr'>bello</span> <span class='ocrx_word' id='word_1_247' title='bbox 521 3166 582 3208; x_wconf 88' lang='lat' dir='ltr'>non</span> <span class='ocrx_word' id='word_1_248' title='bbox 601 3147 756 3222; x_wconf 86' lang='lat' dir='ltr'>interfuit,</span> <span class='ocrx_word' id='word_1_249' title='bbox 777 3149 869 3226; x_wconf 92' lang='lat' dir='ltr'>atque</span> <span class='ocrx_word' id='word_1_250' title='bbox 889 3166 958 3208; x_wconf 89' lang='lat' dir='ltr'>cum</span> <span class='ocrx_word' id='word_1_251' title='bbox 979 3152 1085 3228; x_wconf 84' lang='lat' dir='ltr'>postca</span> 
     </span>
     <span class='ocr_line' id='line_1_35' title="bbox 102 3230 1084 3314; baseline -0.001 -21"><span class='ocrx_word' id='word_1_252' title='bbox 102 3233 134 3293; x_wconf 94' lang='lat' dir='ltr'>id</span> <span class='ocrx_word' id='word_1_253' title='bbox 146 3234 314 3314; x_wconf 89' lang='lat' dir='ltr'>gerendum</span> <span class='ocrx_word' id='word_1_254' title='bbox 326 3232 519 3312; x_wconf 87' lang='lat' dir='ltr'>suscepisset,</span> <span class='ocrx_word' id='word_1_255' title='bbox 534 3233 633 3293; x_wconf 88' lang='lat' dir='ltr'>minus</span> <span class='ocrx_word' id='word_1_256' title='bbox 644 3252 790 3314; x_wconf 89' lang='lat' dir='ltr'>prospere</span> <span class='ocrx_word' id='word_1_257' title='bbox 805 3235 910 3295; x_wconf 76' lang='lat' dir='ltr'>contm</span> <span class='ocrx_word' id='word_1_258' title='bbox 922 3230 1084 3294; x_wconf 89' lang='lat' dir='ltr'>Chabriam</span> 
     </span>
     <span class='ocr_line' id='line_1_36' title="bbox 101 3310 1148 3399; baseline -0.004 -19"><span class='ocrx_word' id='word_1_259' title='bbox 101 3318 322 3380; x_wconf 81' lang='lat' dir='ltr'>Atheniensem</span> <span class='ocrx_word' id='word_1_260' title='bbox 337 3319 494 3399; x_wconf 84' lang='lat' dir='ltr'>pugnavit.</span> <span class='ocrx_word' id='word_1_261' title='bbox 1104 3310 1148 3377; x_wconf 85' lang='lat'>35</span> 
     </span>
    </p>

    <p class='ocr_par' dir='ltr' id='par_1_4' title="bbox 99 3399 1161 3657">
     <span class='ocr_line' id='line_1_37' title="bbox 188 3399 1161 3485; baseline -0.004 -19"><span class='ocrx_word' id='word_1_262' title='bbox 188 3405 317 3466; x_wconf 88' lang='lat' dir='ltr'>Interim</span> <span class='ocrx_word' id='word_1_263' title='bbox 339 3405 450 3466; x_wconf 89' lang='lat' dir='ltr'>accidit</span> <span class='ocrx_word' id='word_1_264' title='bbox 477 3404 532 3466; x_wconf 90' lang='lat' dir='ltr'>illa</span> <span class='ocrx_word' id='word_1_265' title='bbox 560 3404 718 3466; x_wconf 87' lang='lat' dir='ltr'>calamitas</span> <span class='ocrx_word' id='word_1_266' title='bbox 740 3405 822 3485; x_wconf 90' lang='lat' dir='ltr'>apud</span> <span class='ocrx_word' id='word_1_267' title='bbox 844 3402 974 3464; x_wconf 84' lang='lat' dir='ltr'>Leuctra</span> <span class='ocrx_word' id='word_1_268' title='bbox 994 3402 1086 3463; x_wconf 83' lang='lat' dir='ltr'>Lace</span> <span class='ocrx_word' id='word_1_269' title='bbox 1107 3399 1161 3463; x_wconf 88' lang='lat' dir='ltr'>IX</span> 
     </span>
     <span class='ocr_line' id='line_1_38' title="bbox 100 3488 1086 3570; baseline -0.001 -21"><span class='ocrx_word' id='word_1_270' title='bbox 100 3490 284 3564; x_wconf 85' lang='lat' dir='ltr'>daemoniis,</span> <span class='ocrx_word' id='word_1_271' title='bbox 305 3511 363 3570; x_wconf 91' lang='lat' dir='ltr'>quo</span> <span class='ocrx_word' id='word_1_272' title='bbox 384 3510 423 3551; x_wconf 90' lang='lat' dir='ltr'>ne</span> <span class='ocrx_word' id='word_1_273' title='bbox 445 3489 699 3570; x_wconf 88' lang='lat' dir='ltr'>proficisceretur,</span> <span class='ocrx_word' id='word_1_274' title='bbox 721 3489 901 3551; x_wconf 78' lang='lat' dir='ltr'>valetudine</span> <span class='ocrx_word' id='word_1_275' title='bbox 920 3488 1086 3570; x_wconf 90' lang='lat' dir='ltr'>impeditus</span> 
     </span>
     <span class='ocr_line' id='line_1_39' title="bbox 99 3573 1084 3657; baseline -0.001 -20"><span class='ocrx_word' id='word_1_276' title='bbox 99 3580 158 3638; x_wconf 88' lang='lat' dir='ltr'>est.</span> <span class='ocrx_word' id='word_1_277' title='bbox 192 3576 280 3639; x_wconf 82' lang='lat' dir='ltr'>idem</span> <span class='ocrx_word' id='word_1_278' title='bbox 295 3595 364 3638; x_wconf 90' lang='lat' dir='ltr'>oum</span> <span class='ocrx_word' id='word_1_279' title='bbox 379 3575 606 3657; x_wconf 82' lang='lat' dir='ltr'>Epaminondas</span> <span class='ocrx_word' id='word_1_280' title='bbox 620 3573 760 3657; x_wconf 82' lang='lat' dir='ltr'>Spartam</span> <span class='ocrx_word' id='word_1_281' title='bbox 775 3578 967 3656; x_wconf 89' lang='lat' dir='ltr'>oppugnaret</span> <span class='ocrx_word' id='word_1_282' title='bbox 991 3575 1084 3636; x_wconf 89' lang='lat' dir='ltr'>esset·</span> 
     </span>
    </p>
   </div>
   <div class='ocr_carea' id='block_1_3' title="bbox 0 0 1257 4080">
    <p class='ocr_par' dir='ltr' id='par_1_5' title="bbox 0 0 1257 4080">
     <span class='ocr_line' id='line_1_40' title="bbox 0 0 1257 4080; baseline 0 0"><span class='ocrx_word' id='word_1_283' title='bbox 0 0 1257 4080; x_wconf 95' lang='lat' dir='ltr'> </span> 
     </span>
    </p>
   </div>
  </div>
 </body>
</html>
