2504 4080
203 306 266 370 100
529 305 622 367 XIX.
646 304 852 369 EUMENES.

203 484 410 560 oppugnatum
426 479 574 540 adversus
585 478 794 541 Ptolemaeum
808 482 875 541 erat
888 479 1053 559 profectus.
1076 477 1192 540 Eume-

203 584 257 624 nes
273 584 342 624 cum
356 585 454 645 neque
469 585 595 646 magnas
611 567 713 646 copias
727 585 825 644 neque
838 566 942 626 firmas
956 565 1094 640 haberet,
1109 567 1191 646 quod

204 658 236 709 et
250 651 468 713 inexercitatae
488 663 520 712 et
533 671 593 714 non
607 653 703 712 multo
724 659 795 712 ante
815 657 903 711 erant
925 657 1116 726 contractae,
1140 654 1190 713 ad-

204 740 331 799 ventare
340 746 442 801 autem
454 739 628 800 dicerentur
636 737 930 817 Hellespontumque
942 738 1092 798 transisse
1103 736 1190 799 Anti-

162 821 184 885 b
205 832 338 902 pateret
353 823 496 886 Craterus
512 844 623 904 magno
645 840 715 885 cum
738 824 875 884 exercitu
888 823 1108 897 Macedonum,
1132 825 1191 886 viri

205 927 274 970 cum
296 912 435 974 claritate
455 918 522 973 tum
543 933 600 973 usu
615 911 687 972 belli
704 920 907 991 praestantes,
931 911 1142 989 intelligebat,
1164 911 1189 972 si

206 997 311 1077 copiae
326 1017 400 1059 suae
415 1006 611 1076 cognossent,
636 998 784 1059 adversus
806 1016 881 1077 quos
906 997 1107 1070 ducerentur,
1131 1017 1184 1058 non

205 1083 295 1143 modo
311 1103 371 1143 non
387 1085 482 1143 ituras
497 1085 551 1143 sed
567 1085 657 1144 simul
670 1103 738 1143 cum
754 1085 858 1144 nuntio
872 1083 1054 1162 dilapsuras.
1083 1085 1182 1162 Itaque

204 1167 262 1227 hoc
287 1168 316 1226 ei
341 1170 442 1228 visum
467 1175 514 1231 est
535 1170 820 1249 prudentissimum,
846 1173 880 1228 ut
906 1169 1004 1228 deviis
1029 1169 1187 1230 itineribus

144 1249 185 1314 10
206 1252 320 1311 milites
336 1255 470 1330 duceret,
487 1255 518 1316 in
533 1256 641 1335 quibus
656 1275 731 1316 vera
745 1255 850 1316 audire
864 1275 923 1316 non
939 1261 1080 1334 possent,
1102 1260 1136 1316 et
1149 1255 1190 1315 eis

206 1340 404 1419 persuaderet
424 1361 457 1401 se
478 1352 583 1404 contra
606 1342 752 1420 quosdam
768 1342 913 1402 barbaros
928 1340 1091 1420 proficisci.
1139 1341 1191 1402 At-

206 1444 265 1503 que
286 1427 384 1486 tenuit
405 1427 461 1489 hoc
480 1427 668 1509 propositum
691 1437 722 1488 et
743 1429 828 1507 prius
848 1428 879 1487 in
900 1428 996 1486 aciem
1018 1428 1192 1488 exercitum

207 1511 315 1571 eduxit
336 1513 545 1594 proeliumque
560 1514 724 1587 commisit,
748 1533 839 1592 quam
860 1513 973 1573 milites
996 1513 1044 1571 sui
1068 1513 1191 1588 scirent,

207 1598 386 1676 quibuscum
401 1619 486 1661 arma
501 1601 681 1661 conferrent.
726 1597 835 1660 Effecit
855 1600 946 1659 etiam
962 1598 1039 1658 illud
1055 1598 1192 1661 locorum

143 1681 185 1745 15
207 1688 494 1764 praeoccupatione,
515 1694 549 1746 ut
571 1687 706 1765 equitatu
729 1686 829 1764 potius
851 1685 1023 1759 dimicaret,
1047 1705 1108 1764 quo
1124 1686 1191 1766 plus

208 1769 338 1844 valebat,
355 1790 446 1849 quam
462 1773 608 1852 peditatu,
626 1791 684 1851 quo
700 1778 765 1831 erat
779 1771 922 1831 deterior.
1228 1830 1231 1835 .

137 1855 185 1917 IV
292 1853 438 1935 Equitum
459 1858 604 1920 acerrimo
631 1876 780 1918 concursu
805 1875 874 1917 oum
900 1875 1045 1936 magnam
1072 1858 1191 1936 partem

209 1940 270 2000 diei
285 1954 366 2002 esset
380 1954 558 2023 pugnatum,
581 1944 662 2005 cadit
678 1940 820 2003 Crateros
835 1943 900 2002 dux
915 1952 945 2003 et
960 1941 1191 2022 Neoptolemus,

207 2026 259 2105 qui
274 2030 440 2089 secundum
455 2031 555 2091 locum
570 2030 689 2109 imperii
704 2028 834 2089 tenebat.
874 2025 951 2088 Cum
967 2029 1024 2090 hoc
1039 2029 1191 2089 concurrit

144 2110 187 2175 20
208 2112 275 2191 ipse
289 2112 450 2176 Eumenes.
496 2115 558 2186 Qui
578 2135 647 2175 oum
668 2116 747 2175 inter
763 2135 796 2174 se
811 2114 962 2194 complexi
977 2114 1137 2175 interram
1152 2133 1189 2173 ex

208 2201 294 2276 equis
309 2200 500 2268 decidissent,
517 2211 551 2261 ut
565 2201 656 2262 facile
670 2201 802 2281 intelligi
817 2207 940 2281 possent
955 2200 1080 2260 inimica
1089 2201 1187 2260 mente

209 2286 401 2346 contendisse
424 2290 584 2366 animoque
604 2288 702 2366 magis
725 2288 817 2348 etiam
837 2305 990 2366 pugnasse
1011 2306 1101 2364 quam
1126 2303 1188 2345 cor-

207 2387 291 2448 pore,
313 2390 372 2432 non
388 2374 473 2452 prius
489 2374 627 2434 distracti
644 2384 713 2433 sunt
729 2393 820 2452 quam
842 2374 971 2433 alterum
987 2374 1089 2433 anima
1102 2371 1189 2433 relin-

208 2461 322 2534 queret.
347 2456 396 2517 Ab
412 2460 468 2519 hoc
482 2460 599 2538 aliquot
612 2460 712 2540 plagis
723 2458 875 2520 Eumenes
892 2459 1080 2533 vulneratur,
1096 2474 1192 2538 neque

146 2540 188 2605 25
210 2561 246 2602 eo
263 2543 361 2622 magis
376 2565 417 2604 ex
433 2545 548 2625 proelio
564 2547 712 2622 excessit,
734 2545 788 2605 sed
804 2546 903 2605 acrius
918 2544 1058 2605 hostibus
1073 2544 1189 2605 institit.

209 2627 271 2689 Hic
286 2631 437 2709 equitibus
453 2631 631 2712 profligatis,
654 2632 813 2693 interfecto
829 2632 906 2691 duce
921 2627 1062 2704 Cratero,
1088 2629 1191 2692 multis

208 2725 368 2796 praeterea
388 2726 420 2778 et
440 2719 575 2780 maxime
595 2718 747 2779 nobilibus
762 2718 857 2797 captis
872 2717 1013 2797 pedester
1028 2718 1191 2789 exercitus,

209 2803 289 2879 quod
314 2804 344 2863 in
368 2825 404 2865 ea
427 2806 494 2866 loca
513 2812 580 2865 erat
595 2804 756 2878 deductus,
779 2809 813 2863 ut
835 2804 930 2864 invito
953 2799 1092 2862 Eumene
1114 2800 1192 2864 elabi

209 2904 269 2946 non
283 2896 395 2967 posset,
410 2911 517 2971 pacem
533 2891 571 2951 ab
586 2910 622 2952 eo
637 2890 725 2970 petit:
747 2909 836 2968 quam
853 2907 922 2949 cnm
938 2888 1147 2967 impetrasset,
1163 2887 1192 2947 in

146 2967 189 3034 30
209 2968 270 3030 fide
284 2992 346 3033 non
361 2978 472 3038 mansit
493 2984 525 3038 et
550 2997 598 3053 se,
625 2977 715 3036 simul
738 2993 779 3059 ¹ac
805 2976 916 3054 potuit,
942 2974 980 3034 ad
995 2972 1193 3055 Antipatrum

210 3058 332 3136 recepit.
377 3059 530 3124 Eumenes
551 3061 712 3124 Craterum
733 3081 773 3121 ex
793 3062 858 3121 acie
879 3059 1063 3121 semivivum
1079 3061 1192 3121 elatum

208 3160 348 3203 recreare
363 3146 490 3208 studuit:
507 3167 576 3208 cum
592 3150 623 3208 id
637 3169 695 3210 non
709 3157 819 3229 posset,
837 3166 890 3226 pro
902 3146 1032 3206 hominis
1044 3146 1194 3225 dignitate

209 3246 325 3309 proque
339 3232 469 3311 pristina
482 3234 615 3295 amicitia
626 3232 770 3315 (namque
786 3233 837 3295 illo
853 3251 925 3293 usus
938 3236 1004 3293 erat
1016 3232 1193 3293 Alexandro

209 3316 282 3377 vivo
296 3316 502 3400 familiariter)
522 3321 622 3400 amplo
643 3321 748 3380 funere
770 3320 883 3383 extulit
901 3337 1029 3397 ossaque
1044 3318 1076 3379 in
1093 3317 1193 3379 Macc-

146 3401 189 3466 35
210 3402 331 3465 donam
346 3404 436 3465 uxori
451 3405 516 3465 eius
532 3424 567 3465 ac
582 3405 686 3466 liberis
701 3407 826 3468 remisit.

156 3489 187 3550 V
223 3506 226 3514 ·
294 3488 379 3552 Haeo
400 3490 472 3551 dum
493 3490 575 3572 apud
595 3490 829 3572 Hellespontum
844 3494 1006 3569 geruntur,
1029 3489 1192 3551 Perdiccas

212 3575 293 3655 apud
308 3575 413 3638 Nilum
428 3578 540 3638 flumen
555 3577 735 3639 interficitur
750 3597 768 3638 a
782 3577 908 3639 Seleuco
929 3583 961 3637 et
975 3576 1130 3656 Antigene
1146 3595 1192 3636 re

213 3678 339 3740 rumque
354 3682 472 3726 summa
492 3666 531 3728 ad
545 3663 743 3745 Antipatrum
764 3664 907 3725 defertur.
951 3661 1011 3724 Hic
1032 3661 1083 3741 qui
1105 3661 1193 3723 illum
