2504 4080
174 249 218 312 74
458 248 534 311 ΧΠ
556 247 870 312 EPAMINONDAS.

177 419 341 493 recusavit,
358 420 518 499 quominus
532 420 612 499 legis
626 439 755 500 poenam
776 420 906 496 subiret,
928 422 985 483 sed
1004 443 1103 484 unum
1124 425 1158 484 ab

173 508 219 568 eis
240 505 365 586 petivit,
390 507 479 567 utin
500 507 639 587 sepulcro
660 527 714 567 suo
737 505 954 568 inscriberent:
977 508 1048 569 Hic
1064 510 1158 570 situs

174 594 234 652 est
260 591 561 672 Epaminondas,
589 593 654 670 qui
676 591 874 653 Thebanos
902 595 1035 672 coegit
1062 596 1156 676 apud

175 678 344 739 Leuctra
372 697 562 758 superare
582 677 928 754 Lacedaemonios,
956 699 1051 758 quos
1073 684 1154 741 ante

128 763 154 827 5
177 764 541 845 eumimperatorem
565 783 671 824 nemo
694 763 921 825 Boeotorum
944 783 1065 826 ausus
1087 766 1155 827 suit

177 850 357 930 aspicere
372 849 408 910 in
425 849 522 924 acie,
538 849 679 929 quique
694 869 765 910 uno
780 850 935 929 proelio
950 869 1027 921 non
1040 851 1154 913 solum

176 936 325 997 Thebas
341 936 384 996 ab
401 936 572 995 interitu
587 935 763 996 retraxit
777 936 844 996 sed
859 934 977 996 etiam
999 937 1152 998 univer·

175 1041 255 1082 sam
270 1019 526 1082 Graeciamin
541 1020 770 1081 libertatem
790 1020 1017 1083 vindicavit
1041 1042 1152 1102 eoque

176 1127 237 1168 res
253 1116 507 1185 utrorumque
523 1106 648 1180 duxit,
672 1106 1032 1168 utLaoedaemonii
1056 1108 1153 1169 satis

1 1252 8 1265 ,
111 1190 154 1254 10
177 1193 381 1266 haberent,
406 1193 439 1251 si
464 1191 566 1252 salvi
591 1211 676 1252 esse
699 1197 874 1272 possent,
900 1211 1023 1272 neque
1050 1194 1152 1274 prius

177 1277 329 1337 bellare
365 1277 542 1351 destitit,
581 1296 687 1356 quam
724 1277 925 1339 Messenen
962 1280 1152 1341 restituit

176 1362 252 1422 Hic
267 1363 463 1443 supplicio
478 1363 650 1423 affectus
666 1366 725 1424 est
740 1382 758 1424 a
773 1364 926 1424 civibus
941 1364 1041 1440 suis,
1058 1365 1154 1444 quod

177 1449 361 1510 commodi
384 1469 517 1510 eorum
541 1467 657 1509 eausa
680 1450 808 1527 legem
830 1449 1023 1528 neglexit.
1072 1450 1152 1512 Haeo

177 1553 246 1595 cum
261 1535 404 1609 dixisset,
427 1535 508 1595 risus
531 1535 666 1595 omnium
689 1554 758 1595 cum
779 1535 933 1596 hilaritate
957 1536 1081 1597 coortus
1102 1543 1153 1611 est,

114 1616 154 1681 15
176 1641 274 1699 neque
289 1621 449 1698 quisquam
470 1620 565 1680 iudex
580 1639 671 1680 ausus
693 1625 741 1680 est
762 1622 800 1681 de
815 1640 850 1681 eo
873 1620 952 1680 ferre
968 1619 1154 1701 suffragium.

176 1704 227 1765 Sic
242 1724 260 1764 a
275 1705 387 1766 iudicio
403 1705 511 1783 eapitis
526 1705 663 1766 maxima
677 1706 818 1768 discessit
832 1706 940 1785 gloria.

98 1787 152 1850 IX
260 1787 320 1850 Sed
345 1792 498 1870 superest,
525 1793 559 1850 ut
584 1810 660 1867 quas
686 1812 735 1852 res
761 1791 989 1871 Epaminondas
1016 1792 1154 1872 gesserit,

176 1876 343 1936 secundum
366 1876 511 1955 temporis
534 1875 672 1937 ordinem
694 1896 890 1956 exponamus.
935 1876 1004 1946 Quo
1020 1884 1154 1958 tempore

177 1961 314 2022 Thebani
329 1962 478 2024 servitute
492 1962 630 2041 oppressi
645 1964 839 2037 tenebantur,
863 1964 930 2043 ipse
947 1962 1114 2025 inviolatus
1128 1970 1157 2025 et

111 2043 155 2110 20
178 2053 262 2109 tutus
288 2052 354 2110 erat
374 2050 413 2109 ab
435 2048 517 2110 omni
540 2047 666 2123 ininria3
693 2048 770 2108 nihil
793 2048 874 2108 enim
889 2048 1060 2109 timendum
1074 2050 1156 2110 ride

176 2135 267 2195 batur
287 2136 325 2195 ab
347 2133 483 2210 homine,
511 2133 562 2212 qui
587 2134 648 2195 otio
671 2134 791 2195 deditus
812 2136 931 2194 tantum
951 2134 991 2193 ad
1006 2134 1113 2196 literas
1128 2138 1156 2195 et

177 2219 399 2299 philosophiam
414 2219 611 2284 incumberet.
654 2217 698 2280 At
712 2220 887 2280 libertatem
901 2222 1060 2297 tamquam
1074 2240 1157 2300 prae·

176 2304 319 2381 parabat,
347 2323 416 2364 cum
441 2305 588 2365 iuvenum
612 2306 735 2365 turbam
757 2325 876 2385 semper
898 2324 1002 2365 secum
1022 2305 1156 2380 haberet,

177 2407 252 2466 quos
275 2389 356 2450 ludis
378 2390 531 2470 gymnicis
552 2391 716 2451 exercebat
737 2395 768 2451 et
788 2391 951 2465 incitabat,
974 2392 1009 2450 ut
1025 2391 1158 2472 eorporis

111 2469 155 2534 25
178 2473 295 2533 viribus
331 2492 400 2534 cum
435 2475 583 2535 militibus
615 2475 821 2555 praesidiariis
848 2475 1157 2557 Lacedaemoniorum

178 2559 402 2622 contenderent.
449 2558 525 2623 Cum
540 2560 687 2640 Pelopida
707 2560 783 2622 duee
804 2562 912 2622 exules
927 2561 1049 2623 Thebas
1074 2582 1158 2624 occu-

176 2648 285 2725 parent
300 2649 331 2707 et
344 2644 529 2727 praesidium
543 2647 852 2708 Lacedaemoniorum
873 2667 913 2707 ex
933 2664 1004 2707 arce
1026 2648 1157 2729 depelle·

176 2736 258 2807 rent,
285 2732 528 2814 Epaminondas,
557 2733 700 2813 quamdiu
727 2733 808 2793 facta
834 2735 882 2793 est
908 2733 1017 2793 caedes
1034 2735 1156 2809 civium,

177 2818 265 2881 domo
290 2839 324 2880 se
348 2818 457 2894 tenuit,
486 2819 566 2898 quod
590 2838 689 2898 neque
714 2818 811 2879 malos
838 2818 1000 2879 defendere
1026 2820 1157 2895 volebat,

110 2895 156 2962 30
177 2922 275 2980 neque
290 2904 480 2985 impugnare,
496 2924 534 2964 ne
549 2923 657 2966 manus
671 2904 820 2982 sanguine
835 2922 959 2964 suorum
975 2908 1156 2967 cruentaret

177 2984 317 3064 Namque
343 3010 464 3051 omnem
493 2990 616 3051 civilem
648 2989 809 3051 victoriam
839 2989 991 3050 funestam
1021 2991 1156 3071 putabat

177 3069 221 3131 At
235 3071 317 3132 idem
337 3076 471 3137 tacinore
490 3078 664 3157 perpetrato
686 3074 853 3136 acerrimus
871 3073 1022 3136 libertatis
1044 3076 1158 3138 vindex

178 3156 299 3217 exstitit
313 3161 343 3219 et
358 3161 440 3220 omni
455 3162 555 3223 studio
569 3161 755 3243 reipublicae
776 3180 810 3221 se
831 3160 961 3236 dedidit,
985 3180 1079 3238 quam
1101 3182 1159 3224 non
1192 3228 1202 3247 ·

178 3244 242 3303 tam
263 3242 350 3317 belli,
378 3263 470 3323 quam
494 3248 579 3326 pacis
604 3248 721 3309 artibus
745 3245 872 3308 adiuuit.
916 3245 997 3307 Nam
1012 3247 1045 3307 in
1060 3248 1158 3320 bellis,

110 3321 156 3390 35
179 3346 257 3408 quae
278 3346 333 3410 per
354 3329 457 3409 plures
478 3333 619 3413 deinceps
642 3352 736 3395 annos
750 3331 982 3394 Lacedaemonii
997 3351 1067 3394 cum
1083 3333 1158 3395 The·

178 3414 266 3477 banis
281 3416 320 3476 ad
335 3414 496 3496 imperium
511 3419 752 3498 recuperandum
772 3420 949 3498 gesserunt,
972 3418 1074 3480 nullas
1095 3419 1158 3481 fere

178 3505 281 3580 partes
306 3501 458 3565 sustinuit.
510 3502 649 3564 Primum
673 3503 805 3585 insignis
830 3502 947 3579 extitit,
981 3522 1052 3565 oum
1078 3505 1159 3566 esset

178 3585 299 3667 legatus
314 3587 354 3649 ad
365 3605 472 3670 paoem
484 3589 723 3669 componendam
735 3588 877 3670 Spartam
892 3589 1013 3666 missus,
1028 3589 1083 3652 ubi
1094 3607 1160 3652 ora·
