<?xml version="1.0" encoding="UTF-8"?>
<!DOCTYPE html PUBLIC "-//W3C//DTD XHTML 1.0 Transitional//EN"
    "http://www.w3.org/TR/xhtml1/DTD/xhtml1-transitional.dtd">
<html xmlns="http://www.w3.org/1999/xhtml" xml:lang="en" lang="en">
 <head>
  <title>
</title>
<meta http-equiv="Content-Type" content="text/html;charset=utf-8" />
  <meta name='ocr-system' content='tesseract 3.04.00' />
  <meta name='ocr-capabilities' content='ocr_page ocr_carea ocr_par ocr_line ocrx_word'/>
</head>
<body>
  <div class='ocr_page' id='page_1' title='image "./liberdeexcelben00nepogoog_0065.png"; bbox 0 0 2504 4080; ppageno 0'>
   <div class='ocr_carea' id='block_1_1' title="bbox 209 212 868 280">
    <p class='ocr_par' dir='ltr' id='par_1_1' title="bbox 209 212 868 280">
     <span class='ocr_line' id='line_1_1' title="bbox 209 212 868 280; baseline -0.008 0"><span class='ocrx_word' id='word_1_1' title='bbox 209 214 255 280; x_wconf 78' lang='lat'>40</span> <span class='ocrx_word' id='word_1_2' title='bbox 529 212 868 278; x_wconf 70' lang='lat' dir='ltr'>lli-ALCIBIADES.</span> 
     </span>
    </p>
   </div>
   <div class='ocr_carea' id='block_1_2' title="bbox 146 386 1202 3632">
    <p class='ocr_par' dir='ltr' id='par_1_2' title="bbox 146 386 1202 3632">
     <span class='ocr_line' id='line_1_2' title="bbox 209 386 1198 468; baseline 0.004 -19"><span class='ocrx_word' id='word_1_3' title='bbox 209 400 243 449; x_wconf 81' lang='lat' dir='ltr'>se</span> <span class='ocrx_word' id='word_1_4' title='bbox 258 387 394 461; x_wconf 72' lang='lat' dir='ltr'>contulit,</span> <span class='ocrx_word' id='word_1_5' title='bbox 409 389 445 449; x_wconf 89' lang='lat' dir='ltr'>ut</span> <span class='ocrx_word' id='word_1_6' title='bbox 459 405 528 448; x_wconf 88' lang='lat' dir='ltr'>eum</span> <span class='ocrx_word' id='word_1_7' title='bbox 541 386 744 468; x_wconf 76' lang='lat' dir='ltr'><strong>Thrasybulo,</strong></span> <span class='ocrx_word' id='word_1_8' title='bbox 759 387 811 467; x_wconf 89' lang='lat' dir='ltr'>qui</span> <span class='ocrx_word' id='word_1_9' title='bbox 825 405 893 448; x_wconf 86' lang='lat' dir='ltr'>eam</span> <span class='ocrx_word' id='word_1_10' title='bbox 907 388 1015 449; x_wconf 86' lang='lat' dir='ltr'>urbem</span> <span class='ocrx_word' id='word_1_11' title='bbox 1025 390 1198 466; x_wconf 74' lang='lat' dir='ltr'>muniebat</span> 
     </span>
     <span class='ocr_line' id='line_1_3' title="bbox 210 470 1201 553; baseline 0.004 -18"><span class='ocrx_word' id='word_1_12' title='bbox 210 473 447 553; x_wconf 84' lang='lat' dir='ltr'>colloqueretur3</span> <span class='ocrx_word' id='word_1_13' title='bbox 470 473 562 533; x_wconf 90' lang='lat' dir='ltr'>simul</span> <span class='ocrx_word' id='word_1_14' title='bbox 583 472 616 532; x_wconf 92' lang='lat' dir='ltr'>in</span> <span class='ocrx_word' id='word_1_15' title='bbox 636 491 745 551; x_wconf 83' lang='lat' dir='ltr'>agrum</span> <span class='ocrx_word' id='word_1_16' title='bbox 760 470 873 553; x_wconf 81' lang='lat' dir='ltr'>Cymes</span> <span class='ocrx_word' id='word_1_17' title='bbox 892 473 1109 536; x_wconf 83' lang='lat' dir='ltr'>excursionem</span> <span class='ocrx_word' id='word_1_18' title='bbox 1123 477 1201 540; x_wconf 81' lang='lat' dir='ltr'>iecit</span> 
     </span>
     <span class='ocr_line' id='line_1_4' title="bbox 209 557 1195 640; baseline 0.004 -20"><span class='ocrx_word' id='word_1_19' title='bbox 209 578 339 639; x_wconf 91' lang='lat' dir='ltr'>eumque</span> <span class='ocrx_word' id='word_1_20' title='bbox 365 557 505 639; x_wconf 90' lang='lat' dir='ltr'>diripuit;</span> <span class='ocrx_word' id='word_1_21' title='bbox 530 559 755 640; x_wconf 85' lang='lat' dir='ltr'>praefecturam</span> <span class='ocrx_word' id='word_1_22' title='bbox 780 559 887 619; x_wconf 89' lang='lat' dir='ltr'>classis</span> <span class='ocrx_word' id='word_1_23' title='bbox 913 561 1015 621; x_wconf 91' lang='lat' dir='ltr'>autem</span> <span class='ocrx_word' id='word_1_24' title='bbox 1040 558 1195 624; x_wconf 77' lang='lat' dir='ltr'>Antiocho</span> 
     </span>
     <span class='ocr_line' id='line_1_5' title="bbox 210 643 1195 724; baseline 0.006 -20"><span class='ocrx_word' id='word_1_25' title='bbox 210 645 313 724; x_wconf 76' lang='lat' dir='ltr'>legate</span> <span class='ocrx_word' id='word_1_26' title='bbox 328 644 528 707; x_wconf 75' lang='lat' dir='ltr'><strong>demandarat</strong></span> <span class='ocrx_word' id='word_1_27' title='bbox 542 662 579 706; x_wconf 90' lang='lat' dir='ltr'>ea</span> <span class='ocrx_word' id='word_1_28' title='bbox 592 643 781 720; x_wconf 89' lang='lat' dir='ltr'>condicione,</span> <span class='ocrx_word' id='word_1_29' title='bbox 802 663 842 704; x_wconf 90' lang='lat' dir='ltr'>ne</span> <span class='ocrx_word' id='word_1_30' title='bbox 861 661 930 705; x_wconf 88' lang='lat' dir='ltr'>eum</span> <span class='ocrx_word' id='word_1_31' title='bbox 944 644 1195 710; x_wconf 79' lang='lat' dir='ltr'>Lacedaemoniis</span> 
     </span>
     <span class='ocr_line' id='line_1_6' title="bbox 168 729 1197 810; baseline -0.002 -14"><span class='ocrx_word' id='word_1_32' title='bbox 168 731 190 796; x_wconf 77' lang='lat'>5</span> <span class='ocrx_word' id='word_1_33' title='bbox 210 748 319 792; x_wconf 89' lang='lat' dir='ltr'>manus</span> <span class='ocrx_word' id='word_1_34' title='bbox 345 732 526 794; x_wconf 85' lang='lat' dir='ltr'>consereret.</span> <span class='ocrx_word' id='word_1_35' title='bbox 570 729 604 790; x_wconf 89' lang='lat' dir='ltr'>Is</span> <span class='ocrx_word' id='word_1_36' title='bbox 630 736 732 790; x_wconf 87' lang='lat' dir='ltr'>autem</span> <span class='ocrx_word' id='word_1_37' title='bbox 766 729 884 810; x_wconf 87' lang='lat' dir='ltr'>gloriae</span> <span class='ocrx_word' id='word_1_38' title='bbox 916 731 1060 810; x_wconf 89' lang='lat' dir='ltr'>cupid-ine</span> <span class='ocrx_word' id='word_1_39' title='bbox 1085 732 1197 794; x_wconf 86' lang='lat' dir='ltr'>ductus</span> 
     </span>
     <span class='ocr_line' id='line_1_7' title="bbox 210 815 1196 897; baseline 0.002 -19"><span class='ocrx_word' id='word_1_40' title='bbox 210 815 405 897; x_wconf 70' lang='lat' dir='ltr'><strong>Lysandrum</strong></span> <span class='ocrx_word' id='word_1_41' title='bbox 420 817 460 879; x_wconf 90' lang='lat' dir='ltr'>ad</span> <span class='ocrx_word' id='word_1_42' title='bbox 475 834 612 896; x_wconf 80' lang='lat' dir='ltr'>pugnam</span> <span class='ocrx_word' id='word_1_43' title='bbox 626 815 806 894; x_wconf 84' lang='lat' dir='ltr'>provocavit</span> <span class='ocrx_word' id='word_1_44' title='bbox 820 818 852 876; x_wconf 91' lang='lat' dir='ltr'>et</span> <span class='ocrx_word' id='word_1_45' title='bbox 873 815 1047 895; x_wconf 86' lang='lat' dir='ltr'>quindecim</span> <span class='ocrx_word' id='word_1_46' title='bbox 1062 819 1196 880; x_wconf 74' lang='lat' dir='ltr'>naribus</span> 
     </span>
     <span class='ocr_line' id='line_1_8' title="bbox 210 901 1196 983; baseline 0.002 -19"><span class='ocrx_word' id='word_1_47' title='bbox 210 903 331 964; x_wconf 82' lang='lat' dir='ltr'>arnissis</span> <span class='ocrx_word' id='word_1_48' title='bbox 352 903 439 964; x_wconf 88' lang='lat' dir='ltr'>fusus</span> <span class='ocrx_word' id='word_1_49' title='bbox 457 903 645 981; x_wconf 74' lang='lat' dir='ltr'>fugatusque</span> <span class='ocrx_word' id='word_1_50' title='bbox 665 903 719 962; x_wconf 89' lang='lat' dir='ltr'>est.</span> <span class='ocrx_word' id='word_1_51' title='bbox 764 901 801 961; x_wconf 94' lang='lat' dir='ltr'>Id</span> <span class='ocrx_word' id='word_1_52' title='bbox 822 901 952 982; x_wconf 90' lang='lat' dir='ltr'>populus</span> <span class='ocrx_word' id='word_1_53' title='bbox 967 920 1061 983; x_wconf 86' lang='lat' dir='ltr'>aegre</span> <span class='ocrx_word' id='word_1_54' title='bbox 1076 904 1152 965; x_wconf 88' lang='lat' dir='ltr'>tulit</span> <span class='ocrx_word' id='word_1_55' title='bbox 1164 907 1196 966; x_wconf 80' lang='lat' dir='ltr'>et</span> 
     </span>
     <span class='ocr_line' id='line_1_9' title="bbox 211 983 1199 1065; baseline 0.002 -16"><span class='ocrx_word' id='word_1_56' title='bbox 211 989 327 1052; x_wconf 69' lang='lat' dir='ltr'>emman</span> <span class='ocrx_word' id='word_1_57' title='bbox 346 989 378 1049; x_wconf 81' lang='lat' dir='ltr'>iu</span> <span class='ocrx_word' id='word_1_58' title='bbox 399 986 590 1048; x_wconf 77' lang='lat' dir='ltr'><strong>Alcibiadem</strong></span> <span class='ocrx_word' id='word_1_59' title='bbox 613 986 755 1060; x_wconf 87' lang='lat' dir='ltr'>contulit,</span> <span class='ocrx_word' id='word_1_60' title='bbox 781 983 833 1065; x_wconf 86' lang='lat' dir='ltr'>q&#39;ui</span> <span class='ocrx_word' id='word_1_61' title='bbox 855 987 993 1048; x_wconf 87' lang='lat' dir='ltr'>socordia</span> <span class='ocrx_word' id='word_1_62' title='bbox 1015 991 1047 1049; x_wconf 93' lang='lat' dir='ltr'>et</span> <span class='ocrx_word' id='word_1_63' title='bbox 1070 989 1199 1052; x_wconf 78' lang='lat' dir='ltr'>luxuria</span> 
     </span>
     <span class='ocr_line' id='line_1_10' title="bbox 210 1071 1197 1154; baseline 0 -19"><span class='ocrx_word' id='word_1_64' title='bbox 210 1075 313 1135; x_wconf 83' lang='lat' dir='ltr'>omnia</span> <span class='ocrx_word' id='word_1_65' title='bbox 332 1074 523 1154; x_wconf 66' lang='lat' dir='ltr'>perverteret</span> <span class='ocrx_word' id='word_1_66' title='bbox 543 1074 575 1133; x_wconf 89' lang='lat' dir='ltr'>et</span> <span class='ocrx_word' id='word_1_67' title='bbox 598 1091 648 1132; x_wconf 88' lang='lat' dir='ltr'>res</span> <span class='ocrx_word' id='word_1_68' title='bbox 673 1071 824 1150; x_wconf 84' lang='lat' dir='ltr'>gerendas</span> <span class='ocrx_word' id='word_1_69' title='bbox 850 1072 1022 1133; x_wconf 87' lang='lat' dir='ltr'>hominibus</span> <span class='ocrx_word' id='word_1_70' title='bbox 1047 1075 1197 1150; x_wconf 82' lang='lat' dir='ltr'>traderet,</span> 
     </span>
     <span class='ocr_line' id='line_1_11' title="bbox 149 1157 1196 1238; baseline 0.004 -19"><span class='ocrx_word' id='word_1_71' title='bbox 149 1158 190 1223; x_wconf 89' lang='grc'>10</span> <span class='ocrx_word' id='word_1_72' title='bbox 212 1159 264 1238; x_wconf 88' lang='lat' dir='ltr'>qui</span> <span class='ocrx_word' id='word_1_73' title='bbox 279 1158 401 1220; x_wconf 89' lang='lat' dir='ltr'>sodales</span> <span class='ocrx_word' id='word_1_74' title='bbox 415 1160 518 1218; x_wconf 88' lang='lat' dir='ltr'>esseut</span> <span class='ocrx_word' id='word_1_75' title='bbox 532 1157 779 1219; x_wconf 86' lang='lat' dir='ltr'>comissationum</span> <span class='ocrx_word' id='word_1_76' title='bbox 794 1160 826 1218; x_wconf 88' lang='lat' dir='ltr'>et</span> <span class='ocrx_word' id='word_1_77' title='bbox 839 1176 998 1236; x_wconf 89' lang='lat' dir='ltr'>nugarum.</span> <span class='ocrx_word' id='word_1_78' title='bbox 1028 1157 1196 1223; x_wconf 75' lang='lat' dir='ltr'>Praeterea</span> 
     </span>
     <span class='ocr_line' id='line_1_12' title="bbox 210 1242 1202 1317; baseline 0.004 -13"><span class='ocrx_word' id='word_1_79' title='bbox 210 1244 271 1305; x_wconf 89' lang='lat' dir='ltr'>alia</span> <span class='ocrx_word' id='word_1_80' title='bbox 284 1243 383 1305; x_wconf 88' lang='lat' dir='ltr'>multa</span> <span class='ocrx_word' id='word_1_81' title='bbox 397 1243 426 1303; x_wconf 91' lang='lat' dir='ltr'>ei</span> <span class='ocrx_word' id='word_1_82' title='bbox 439 1242 515 1305; x_wconf 78' lang='lat' dir='ltr'>vitio</span> <span class='ocrx_word' id='word_1_83' title='bbox 531 1243 694 1317; x_wconf 80' lang='lat' dir='ltr'>dederrmt3</span> <span class='ocrx_word' id='word_1_84' title='bbox 715 1243 792 1304; x_wconf 83' lang='lat' dir='ltr'>nihss</span> <span class='ocrx_word' id='word_1_85' title='bbox 812 1244 894 1304; x_wconf 90' lang='lat' dir='ltr'>euim</span> <span class='ocrx_word' id='word_1_86' title='bbox 913 1262 983 1304; x_wconf 92' lang='lat' dir='ltr'>eum</span> <span class='ocrx_word' id='word_1_87' title='bbox 997 1263 1058 1306; x_wconf 92' lang='lat' dir='ltr'>non</span> <span class='ocrx_word' id='word_1_88' title='bbox 1073 1245 1202 1308; x_wconf 77' lang='lat' dir='ltr'>efficere·</span> 
     </span>
     <span class='ocr_line' id='line_1_13' title="bbox 211 1327 1198 1412; baseline 0.003 -23"><span class='ocrx_word' id='word_1_89' title='bbox 211 1343 302 1410; x_wconf 87' lang='lat' dir='ltr'>posse</span> <span class='ocrx_word' id='word_1_90' title='bbox 317 1329 476 1390; x_wconf 89' lang='lat' dir='ltr'>ducebant.</span> <span class='ocrx_word' id='word_1_91' title='bbox 514 1327 639 1407; x_wconf 81' lang='lat' dir='ltr'>Exque</span> <span class='ocrx_word' id='word_1_92' title='bbox 654 1329 753 1403; x_wconf 87' lang='lat' dir='ltr'>fiebat,</span> <span class='ocrx_word' id='word_1_93' title='bbox 769 1331 805 1390; x_wconf 88' lang='lat' dir='ltr'>ut</span> <span class='ocrx_word' id='word_1_94' title='bbox 818 1329 920 1391; x_wconf 89' lang='lat' dir='ltr'>omnia</span> <span class='ocrx_word' id='word_1_95' title='bbox 934 1330 1035 1390; x_wconf 85' lang='lat' dir='ltr'>minus</span> <span class='ocrx_word' id='word_1_96' title='bbox 1048 1348 1198 1412; x_wconf 83' lang='lat' dir='ltr'>prospere</span> 
     </span>
     <span class='ocr_line' id='line_1_14' title="bbox 211 1413 1199 1496; baseline 0.001 -20"><span class='ocrx_word' id='word_1_97' title='bbox 211 1417 300 1493; x_wconf 87' lang='lat' dir='ltr'>gesta</span> <span class='ocrx_word' id='word_1_98' title='bbox 322 1414 430 1496; x_wconf 88' lang='lat' dir='ltr'>culpae</span> <span class='ocrx_word' id='word_1_99' title='bbox 450 1413 516 1475; x_wconf 89' lang='lat' dir='ltr'>eius</span> <span class='ocrx_word' id='word_1_100' title='bbox 538 1414 723 1488; x_wconf 77' lang='lat' dir='ltr'>tribuerent,</span> <span class='ocrx_word' id='word_1_101' title='bbox 747 1433 815 1475; x_wconf 91' lang='lat' dir='ltr'>cnm</span> <span class='ocrx_word' id='word_1_102' title='bbox 837 1434 907 1475; x_wconf 88' lang='lat' dir='ltr'>eum</span> <span class='ocrx_word' id='word_1_103' title='bbox 926 1418 980 1476; x_wconf 90' lang='lat' dir='ltr'>aut</span> <span class='ocrx_word' id='word_1_104' title='bbox 1000 1416 1199 1495; x_wconf 75' lang='lat' dir='ltr'>negligenter</span> 
     </span>
     <span class='ocr_line' id='line_1_15' title="bbox 210 1501 1195 1580; baseline 0.001 -18"><span class='ocrx_word' id='word_1_105' title='bbox 210 1503 264 1562; x_wconf 89' lang='lat' dir='ltr'>aut</span> <span class='ocrx_word' id='word_1_106' title='bbox 277 1501 429 1563; x_wconf 83' lang='lat' dir='ltr'>malitiose</span> <span class='ocrx_word' id='word_1_107' title='bbox 443 1501 553 1562; x_wconf 79' lang='lat' dir='ltr'>iecisse</span> <span class='ocrx_word' id='word_1_108' title='bbox 567 1501 772 1580; x_wconf 85' lang='lat' dir='ltr'>loquerentur,</span> <span class='ocrx_word' id='word_1_109' title='bbox 794 1501 874 1561; x_wconf 88' lang='lat' dir='ltr'>sieut</span> <span class='ocrx_word' id='word_1_110' title='bbox 888 1503 952 1560; x_wconf 89' lang='lat' dir='ltr'>tum</span> <span class='ocrx_word' id='word_1_111' title='bbox 967 1501 1086 1562; x_wconf 84' lang='lat' dir='ltr'>accidit.</span> <span class='ocrx_word' id='word_1_112' title='bbox 1132 1501 1195 1563; x_wconf 80' lang='lat' dir='ltr'>Ita-</span> 
     </span>
     <span class='ocr_line' id='line_1_16' title="bbox 151 1583 1197 1668; baseline 0.003 -23"><span class='ocrx_word' id='word_1_113' title='bbox 151 1583 191 1648; x_wconf 77' lang='lat'>15</span> <span class='ocrx_word' id='word_1_114' title='bbox 211 1606 271 1666; x_wconf 89' lang='lat' dir='ltr'>qus</span> <span class='ocrx_word' id='word_1_115' title='bbox 285 1586 355 1648; x_wconf 92' lang='lat' dir='ltr'>huic</span> <span class='ocrx_word' id='word_1_116' title='bbox 369 1587 504 1649; x_wconf 82' lang='lat' dir='ltr'>manime</span> <span class='ocrx_word' id='word_1_117' title='bbox 518 1589 659 1668; x_wconf 83' lang='lat' dir='ltr'>putamus</span> <span class='ocrx_word' id='word_1_118' title='bbox 674 1586 754 1647; x_wconf 91' lang='lat' dir='ltr'>malo</span> <span class='ocrx_word' id='word_1_119' title='bbox 770 1586 865 1646; x_wconf 83' lang='lat' dir='ltr'>fuisse</span> <span class='ocrx_word' id='word_1_120' title='bbox 879 1586 1007 1646; x_wconf 90' lang='lat' dir='ltr'>nimiam</span> <span class='ocrx_word' id='word_1_121' title='bbox 1021 1587 1197 1667; x_wconf 78' lang='lat' dir='ltr'>opinionem</span> 
     </span>
     <span class='ocr_line' id='line_1_17' title="bbox 210 1670 1194 1752; baseline 0.003 -20"><span class='ocrx_word' id='word_1_122' title='bbox 210 1672 327 1752; x_wconf 91' lang='lat' dir='ltr'>ingenii</span> <span class='ocrx_word' id='word_1_123' title='bbox 341 1675 431 1751; x_wconf 89' lang='lat' dir='ltr'>atque</span> <span class='ocrx_word' id='word_1_124' title='bbox 446 1672 578 1733; x_wconf 71' lang='lat' dir='ltr'>virtutis.</span> <span class='ocrx_word' id='word_1_125' title='bbox 601 1670 644 1733; x_wconf 89' lang='lat' dir='ltr'>Ut</span> <span class='ocrx_word' id='word_1_126' title='bbox 658 1672 740 1732; x_wconf 91' lang='lat' dir='ltr'>enim</span> <span class='ocrx_word' id='word_1_127' title='bbox 755 1671 949 1750; x_wconf 83' lang='lat' dir='ltr'>diligebatur,</span> <span class='ocrx_word' id='word_1_128' title='bbox 965 1672 1010 1733; x_wconf 90' lang='lat' dir='ltr'>ita</span> <span class='ocrx_word' id='word_1_129' title='bbox 1019 1672 1194 1748; x_wconf 70' lang='lat' dir='ltr'>timebatur,</span> 
     </span>
     <span class='ocr_line' id='line_1_18' title="bbox 210 1756 1195 1838; baseline 0.003 -22"><span class='ocrx_word' id='word_1_130' title='bbox 210 1773 251 1817; x_wconf 88' lang='lat' dir='ltr'>ne</span> <span class='ocrx_word' id='word_1_131' title='bbox 264 1756 399 1818; x_wconf 89' lang='lat' dir='ltr'>secunda</span> <span class='ocrx_word' id='word_1_132' title='bbox 412 1758 535 1819; x_wconf 86' lang='lat' dir='ltr'>fortuna</span> <span class='ocrx_word' id='word_1_133' title='bbox 553 1757 734 1837; x_wconf 81' lang='lat' dir='ltr'>magnisque</span> <span class='ocrx_word' id='word_1_134' title='bbox 756 1757 864 1838; x_wconf 89' lang='lat' dir='ltr'>opibus</span> <span class='ocrx_word' id='word_1_135' title='bbox 887 1758 985 1820; x_wconf 86' lang='lat' dir='ltr'>elatus</span> <span class='ocrx_word' id='word_1_136' title='bbox 1000 1758 1195 1838; x_wconf 79' lang='lat' dir='ltr'>tyrannidem</span> 
     </span>
     <span class='ocr_line' id='line_1_19' title="bbox 211 1841 1196 1924; baseline 0.002 -21"><span class='ocrx_word' id='word_1_137' title='bbox 211 1841 447 1922; x_wconf 86' lang='lat' dir='ltr'>concupisceret.</span> <span class='ocrx_word' id='word_1_138' title='bbox 473 1841 593 1912; x_wconf 77' lang='lat' dir='ltr'>Quibus</span> <span class='ocrx_word' id='word_1_139' title='bbox 608 1842 699 1904; x_wconf 90' lang='lat' dir='ltr'>rebus</span> <span class='ocrx_word' id='word_1_140' title='bbox 714 1843 829 1904; x_wconf 85' lang='lat' dir='ltr'>factum</span> <span class='ocrx_word' id='word_1_141' title='bbox 844 1846 899 1919; x_wconf 86' lang='lat' dir='ltr'>est,</span> <span class='ocrx_word' id='word_1_142' title='bbox 915 1845 951 1904; x_wconf 89' lang='lat' dir='ltr'>ut</span> <span class='ocrx_word' id='word_1_143' title='bbox 965 1843 1084 1904; x_wconf 76' lang='lat' dir='ltr'>absenti</span> <span class='ocrx_word' id='word_1_144' title='bbox 1098 1843 1196 1924; x_wconf 78' lang='lat' dir='ltr'>uragi-</span> 
     </span>
     <span class='ocr_line' id='line_1_20' title="bbox 211 1925 1197 2008; baseline 0.003 -20"><span class='ocrx_word' id='word_1_145' title='bbox 211 1930 341 1990; x_wconf 89' lang='lat' dir='ltr'>stratum</span> <span class='ocrx_word' id='word_1_146' title='bbox 360 1928 543 2008; x_wconf 76' lang='lat' dir='ltr'>abrogarent</span> <span class='ocrx_word' id='word_1_147' title='bbox 563 1932 594 1989; x_wconf 89' lang='lat' dir='ltr'>et</span> <span class='ocrx_word' id='word_1_148' title='bbox 615 1928 721 1988; x_wconf 90' lang='lat' dir='ltr'>decem</span> <span class='ocrx_word' id='word_1_149' title='bbox 745 1928 836 2004; x_wconf 89' lang='lat' dir='ltr'>alios,</span> <span class='ocrx_word' id='word_1_150' title='bbox 857 1929 889 1988; x_wconf 95' lang='lat' dir='ltr'>in</span> <span class='ocrx_word' id='word_1_151' title='bbox 911 1928 948 1989; x_wconf 92' lang='lat' dir='ltr'>iis</span> <span class='ocrx_word' id='word_1_152' title='bbox 970 1925 1140 2005; x_wconf 79' lang='lat' dir='ltr'>Cononem,</span> <span class='ocrx_word' id='word_1_153' title='bbox 1163 1930 1197 1990; x_wconf 80' lang='lat' dir='ltr'>in</span> 
     </span>
     <span class='ocr_line' id='line_1_21' title="bbox 147 2008 1195 2090; baseline 0 -14"><span class='ocrx_word' id='word_1_154' title='bbox 147 2008 191 2077; x_wconf 78' lang='lat'>20</span> <span class='ocrx_word' id='word_1_155' title='bbox 212 2012 278 2074; x_wconf 90' lang='lat' dir='ltr'>eius</span> <span class='ocrx_word' id='word_1_156' title='bbox 303 2014 406 2074; x_wconf 88' lang='lat' dir='ltr'>locum</span> <span class='ocrx_word' id='word_1_157' title='bbox 432 2013 659 2075; x_wconf 86' lang='lat' dir='ltr'>substituerent.</span> <span class='ocrx_word' id='word_1_158' title='bbox 703 2014 742 2073; x_wconf 95' lang='lat' dir='ltr'>Id</span> <span class='ocrx_word' id='word_1_159' title='bbox 767 2013 821 2074; x_wconf 88' lang='lat' dir='ltr'>ille</span> <span class='ocrx_word' id='word_1_160' title='bbox 846 2017 881 2074; x_wconf 90' lang='lat' dir='ltr'>ut</span> <span class='ocrx_word' id='word_1_161' title='bbox 907 2013 1039 2090; x_wconf 82' lang='lat' dir='ltr'>audivit,</span> <span class='ocrx_word' id='word_1_162' title='bbox 1071 2015 1195 2076; x_wconf 86' lang='lat' dir='ltr'>domum</span> 
     </span>
     <span class='ocr_line' id='line_1_22' title="bbox 210 2098 1196 2179; baseline 0.001 -19"><span class='ocrx_word' id='word_1_163' title='bbox 210 2099 327 2160; x_wconf 75' lang='lat' dir='ltr'>reverti</span> <span class='ocrx_word' id='word_1_164' title='bbox 346 2099 444 2163; x_wconf 90' lang='lat' dir='ltr'>noluit</span> <span class='ocrx_word' id='word_1_165' title='bbox 465 2102 497 2160; x_wconf 90' lang='lat' dir='ltr'>et</span> <span class='ocrx_word' id='word_1_166' title='bbox 518 2118 552 2160; x_wconf 90' lang='lat' dir='ltr'>se</span> <span class='ocrx_word' id='word_1_167' title='bbox 566 2098 704 2179; x_wconf 80' lang='lat' dir='ltr'>Pactyen</span> <span class='ocrx_word' id='word_1_168' title='bbox 724 2098 853 2161; x_wconf 89' lang='lat' dir='ltr'>contulit</span> <span class='ocrx_word' id='word_1_169' title='bbox 871 2100 975 2179; x_wconf 91' lang='lat' dir='ltr'>ibique</span> <span class='ocrx_word' id='word_1_170' title='bbox 994 2100 1196 2162; x_wconf 84' lang='lat' dir='ltr'>triacastella</span> 
     </span>
     <span class='ocr_line' id='line_1_23' title="bbox 212 2183 1197 2265; baseline 0.003 -21"><span class='ocrx_word' id='word_1_171' title='bbox 212 2185 424 2259; x_wconf 84' lang='lat' dir='ltr'>communivit,</span> <span class='ocrx_word' id='word_1_172' title='bbox 448 2183 579 2260; x_wconf 83' lang='lat' dir='ltr'>Bornos,</span> <span class='ocrx_word' id='word_1_173' title='bbox 604 2184 787 2260; x_wconf 80' lang='lat' dir='ltr'>Bisanthen,</span> <span class='ocrx_word' id='word_1_174' title='bbox 816 2184 1016 2261; x_wconf 83' lang='lat' dir='ltr'>Neontiehos,</span> <span class='ocrx_word' id='word_1_175' title='bbox 1043 2204 1197 2265; x_wconf 87' lang='lat' dir='ltr'>manuque</span> 
     </span>
     <span class='ocr_line' id='line_1_24' title="bbox 211 2266 1194 2350; baseline 0.002 -19"><span class='ocrx_word' id='word_1_176' title='bbox 211 2269 341 2331; x_wconf 87' lang='lat' dir='ltr'>collecta</span> <span class='ocrx_word' id='word_1_177' title='bbox 354 2269 471 2350; x_wconf 90' lang='lat' dir='ltr'>primus</span> <span class='ocrx_word' id='word_1_178' title='bbox 487 2266 625 2332; x_wconf 75' lang='lat' dir='ltr'>Graecae</span> <span class='ocrx_word' id='word_1_179' title='bbox 640 2270 775 2331; x_wconf 85' lang='lat' dir='ltr'>civitatis</span> <span class='ocrx_word' id='word_1_180' title='bbox 790 2270 822 2330; x_wconf 91' lang='lat' dir='ltr'>in</span> <span class='ocrx_word' id='word_1_181' title='bbox 843 2271 1019 2332; x_wconf 88' lang='lat' dir='ltr'>interiorem</span> <span class='ocrx_word' id='word_1_182' title='bbox 1033 2270 1194 2333; x_wconf 78' lang='lat' dir='ltr'>Thraciam</span> 
     </span>
     <span class='ocr_line' id='line_1_25' title="bbox 212 2354 1196 2437; baseline 0.002 -22"><span class='ocrx_word' id='word_1_183' title='bbox 212 2354 330 2416; x_wconf 86' lang='lat' dir='ltr'>introiit</span> <span class='ocrx_word' id='word_1_184' title='bbox 345 2355 508 2434; x_wconf 85' lang='lat' dir='ltr'>gloriosius</span> <span class='ocrx_word' id='word_1_185' title='bbox 523 2355 703 2417; x_wconf 88' lang='lat' dir='ltr'>existimans</span> <span class='ocrx_word' id='word_1_186' title='bbox 717 2355 915 2417; x_wconf 89' lang='lat' dir='ltr'>barbarorum</span> <span class='ocrx_word' id='word_1_187' title='bbox 930 2356 1046 2437; x_wconf 87' lang='lat' dir='ltr'>praeda</span> <span class='ocrx_word' id='word_1_188' title='bbox 1060 2355 1196 2437; x_wconf 87' lang='lat' dir='ltr'>locuple·</span> 
     </span>
     <span class='ocr_line' id='line_1_26' title="bbox 147 2436 1195 2519; baseline 0.002 -18"><span class='ocrx_word' id='word_1_189' title='bbox 147 2438 192 2504; x_wconf 74' lang='lat'>25</span> <span class='ocrx_word' id='word_1_190' title='bbox 212 2439 271 2502; x_wconf 83' lang='lat' dir='ltr'>tari</span> <span class='ocrx_word' id='word_1_191' title='bbox 291 2458 382 2519; x_wconf 89' lang='lat' dir='ltr'>quam</span> <span class='ocrx_word' id='word_1_192' title='bbox 403 2436 599 2503; x_wconf 82' lang='lat' dir='ltr'>Graecorum.</span> <span class='ocrx_word' id='word_1_193' title='bbox 644 2441 767 2512; x_wconf 76' lang='lat' dir='ltr'>Quare</span> <span class='ocrx_word' id='word_1_194' title='bbox 787 2444 926 2504; x_wconf 80' lang='lat' dir='ltr'>creverat</span> <span class='ocrx_word' id='word_1_195' title='bbox 948 2459 1016 2502; x_wconf 89' lang='lat' dir='ltr'>oum</span> <span class='ocrx_word' id='word_1_196' title='bbox 1031 2442 1115 2502; x_wconf 82' lang='lat' dir='ltr'>tama</span> <span class='ocrx_word' id='word_1_197' title='bbox 1128 2444 1195 2503; x_wconf 89' lang='lat' dir='ltr'>tum</span> 
     </span>
     <span class='ocr_line' id='line_1_27' title="bbox 211 2524 1197 2607; baseline 0.002 -21"><span class='ocrx_word' id='word_1_198' title='bbox 211 2524 319 2605; x_wconf 88' lang='lat' dir='ltr'>opibus</span> <span class='ocrx_word' id='word_1_199' title='bbox 333 2544 536 2607; x_wconf 86' lang='lat' dir='ltr'>magnamquc</span> <span class='ocrx_word' id='word_1_200' title='bbox 550 2527 716 2589; x_wconf 76' lang='lat' dir='ltr'>amicitiam</span> <span class='ocrx_word' id='word_1_201' title='bbox 727 2527 785 2588; x_wconf 91' lang='lat' dir='ltr'>sibi</span> <span class='ocrx_word' id='word_1_202' title='bbox 797 2545 865 2588; x_wconf 91' lang='lat' dir='ltr'>cum</span> <span class='ocrx_word' id='word_1_203' title='bbox 877 2527 1058 2607; x_wconf 91' lang='lat' dir='ltr'>quibusdam</span> <span class='ocrx_word' id='word_1_204' title='bbox 1068 2527 1197 2606; x_wconf 88' lang='lat' dir='ltr'>regibus</span> 
     </span>
     <span class='ocr_line' id='line_1_28' title="bbox 211 2609 1196 2693; baseline 0.004 -22"><span class='ocrx_word' id='word_1_205' title='bbox 211 2609 361 2673; x_wconf 76' lang='lat' dir='ltr'>Thraciae</span> <span class='ocrx_word' id='word_1_206' title='bbox 385 2615 554 2693; x_wconf 86' lang='lat' dir='ltr'>pepererat.</span> <span class='ocrx_word' id='word_1_207' title='bbox 602 2613 710 2693; x_wconf 85' lang='lat' dir='ltr'>Neque</span> <span class='ocrx_word' id='word_1_208' title='bbox 737 2617 840 2673; x_wconf 90' lang='lat' dir='ltr'>tamen</span> <span class='ocrx_word' id='word_1_209' title='bbox 866 2631 884 2675; x_wconf 91' lang='lat' dir='ltr'>a</span> <span class='ocrx_word' id='word_1_210' title='bbox 917 2613 1044 2674; x_wconf 88' lang='lat' dir='ltr'>caritate</span> <span class='ocrx_word' id='word_1_211' title='bbox 1076 2613 1196 2693; x_wconf 82' lang='lat' dir='ltr'>patriae</span> 
     </span>
     <span class='ocr_line' id='line_1_29' title="bbox 213 2697 478 2777; baseline 0.008 -19"><span class='ocrx_word' id='word_1_212' title='bbox 213 2697 314 2777; x_wconf 89' lang='lat' dir='ltr'>potuit</span> <span class='ocrx_word' id='word_1_213' title='bbox 326 2697 478 2761; x_wconf 88' lang='lat' dir='ltr'>recedere.</span> 
     </span>
     <span class='ocr_line' id='line_1_30' title="bbox 158 2779 1196 2866; baseline 0.002 -23"><span class='ocrx_word' id='word_1_214' title='bbox 158 2781 192 2843; x_wconf 85' lang='lat' dir='ltr'>X</span> <span class='ocrx_word' id='word_1_215' title='bbox 298 2782 459 2846; x_wconf 84' lang='lat' dir='ltr'>Nemeum</span> <span class='ocrx_word' id='word_1_216' title='bbox 470 2781 797 2864; x_wconf 82' lang='lat' dir='ltr'>apudhegosflumen,</span> <span class='ocrx_word' id='word_1_217' title='bbox 810 2782 890 2862; x_wconf 91' lang='lat' dir='ltr'>quod</span> <span class='ocrx_word' id='word_1_218' title='bbox 901 2785 948 2844; x_wconf 89' lang='lat' dir='ltr'>est</span> <span class='ocrx_word' id='word_1_219' title='bbox 960 2783 991 2866; x_wconf 88' lang='lat' dir='ltr'>in</span> <span class='ocrx_word' id='word_1_220' title='bbox 1004 2779 1196 2845; x_wconf 82' lang='lat' dir='ltr'>Chersoneso</span> 
     </span>
     <span class='ocr_line' id='line_1_31' title="bbox 146 2864 1197 2950; baseline 0.002 -22"><span class='ocrx_word' id='word_1_221' title='bbox 146 2864 190 2929; x_wconf 83' lang='lat'>30</span> <span class='ocrx_word' id='word_1_222' title='bbox 212 2867 351 2945; x_wconf 83' lang='lat' dir='ltr'>Thracia,</span> <span class='ocrx_word' id='word_1_223' title='bbox 366 2873 523 2950; x_wconf 89' lang='lat' dir='ltr'>praetores</span> <span class='ocrx_word' id='word_1_224' title='bbox 538 2889 595 2931; x_wconf 87' lang='lat' dir='ltr'>sex</span> <span class='ocrx_word' id='word_1_225' title='bbox 608 2868 851 2943; x_wconf 85' lang='lat' dir='ltr'>Atheniensium,</span> <span class='ocrx_word' id='word_1_226' title='bbox 871 2869 903 2928; x_wconf 91' lang='lat' dir='ltr'>in</span> <span class='ocrx_word' id='word_1_227' title='bbox 918 2868 1028 2947; x_wconf 90' lang='lat' dir='ltr'>quibus</span> <span class='ocrx_word' id='word_1_228' title='bbox 1044 2865 1149 2931; x_wconf 82' lang='lat' dir='ltr'>Conon</span> <span class='ocrx_word' id='word_1_229' title='bbox 1162 2873 1197 2930; x_wconf 89' lang='lat' dir='ltr'>et</span> 
     </span>
     <span class='ocr_line' id='line_1_32' title="bbox 210 2951 1195 3034; baseline 0.002 -22"><span class='ocrx_word' id='word_1_230' title='bbox 210 2951 364 3016; x_wconf 86' lang='lat' dir='ltr'>Philocles</span> <span class='ocrx_word' id='word_1_231' title='bbox 378 2959 474 3030; x_wconf 89' lang='lat' dir='ltr'>eraut,</span> <span class='ocrx_word' id='word_1_232' title='bbox 490 2955 620 3017; x_wconf 83' lang='lat' dir='ltr'>classem</span> <span class='ocrx_word' id='word_1_233' title='bbox 635 2954 864 3015; x_wconf 86' lang='lat' dir='ltr'>constituissent</span> <span class='ocrx_word' id='word_1_234' title='bbox 883 2972 969 3015; x_wconf 89' lang='lat' dir='ltr'>suam</span> <span class='ocrx_word' id='word_1_235' title='bbox 988 2973 1087 3033; x_wconf 89' lang='lat' dir='ltr'>neque</span> <span class='ocrx_word' id='word_1_236' title='bbox 1100 2954 1195 3034; x_wconf 87' lang='lat' dir='ltr'>longe</span> 
     </span>
     <span class='ocr_line' id='line_1_33' title="bbox 211 3037 1196 3120; baseline 0.001 -21"><span class='ocrx_word' id='word_1_237' title='bbox 211 3038 333 3100; x_wconf 86' lang='lat' dir='ltr'>abesset</span> <span class='ocrx_word' id='word_1_238' title='bbox 352 3037 524 3119; x_wconf 83' lang='lat' dir='ltr'>Lysander,</span> <span class='ocrx_word' id='word_1_239' title='bbox 548 3043 671 3120; x_wconf 86' lang='lat' dir='ltr'>praetor</span> <span class='ocrx_word' id='word_1_240' title='bbox 689 3038 1014 3116; x_wconf 84' lang='lat' dir='ltr'>Lacedaemoniorum,</span> <span class='ocrx_word' id='word_1_241' title='bbox 1037 3040 1088 3119; x_wconf 88' lang='lat' dir='ltr'>qui</span> <span class='ocrx_word' id='word_1_242' title='bbox 1109 3040 1142 3099; x_wconf 93' lang='lat' dir='ltr'>iu</span> <span class='ocrx_word' id='word_1_243' title='bbox 1155 3058 1196 3100; x_wconf 89' lang='lat' dir='ltr'>eo</span> 
     </span>
     <span class='ocr_line' id='line_1_34' title="bbox 211 3124 1195 3205; baseline 0.001 -20"><span class='ocrx_word' id='word_1_244' title='bbox 211 3127 278 3186; x_wconf 86' lang='lat' dir='ltr'>erat</span> <span class='ocrx_word' id='word_1_245' title='bbox 292 3127 464 3204; x_wconf 88' lang='lat' dir='ltr'>occupatus,</span> <span class='ocrx_word' id='word_1_246' title='bbox 479 3128 515 3186; x_wconf 90' lang='lat' dir='ltr'>ut</span> <span class='ocrx_word' id='word_1_247' title='bbox 528 3125 643 3186; x_wconf 91' lang='lat' dir='ltr'>bellum</span> <span class='ocrx_word' id='word_1_248' title='bbox 658 3142 749 3205; x_wconf 88' lang='lat' dir='ltr'>quam</span> <span class='ocrx_word' id='word_1_249' title='bbox 764 3124 934 3186; x_wconf 90' lang='lat' dir='ltr'>diutissime</span> <span class='ocrx_word' id='word_1_250' title='bbox 948 3125 1089 3202; x_wconf 90' lang='lat' dir='ltr'>duceret,</span> <span class='ocrx_word' id='word_1_251' title='bbox 1112 3124 1195 3205; x_wconf 88' lang='lat' dir='ltr'>quod</span> 
     </span>
     <span class='ocr_line' id='line_1_35' title="bbox 210 3208 1196 3290; baseline 0.002 -21"><span class='ocrx_word' id='word_1_252' title='bbox 210 3208 287 3290; x_wconf 87' lang='lat' dir='ltr'>ipsis</span> <span class='ocrx_word' id='word_1_253' title='bbox 315 3211 446 3290; x_wconf 91' lang='lat' dir='ltr'>pecunia</span> <span class='ocrx_word' id='word_1_254' title='bbox 472 3228 491 3271; x_wconf 90' lang='lat' dir='ltr'>a</span> <span class='ocrx_word' id='word_1_255' title='bbox 515 3226 590 3289; x_wconf 89' lang='lat' dir='ltr'>rege</span> <span class='ocrx_word' id='word_1_256' title='bbox 611 3211 869 3290; x_wconf 87' lang='lat' dir='ltr'>suppeditabatur,</span> <span class='ocrx_word' id='word_1_257' title='bbox 896 3215 1003 3272; x_wconf 89' lang='lat' dir='ltr'>contra</span> <span class='ocrx_word' id='word_1_258' title='bbox 1026 3208 1196 3273; x_wconf 88' lang='lat' dir='ltr'>Athenien-</span> 
     </span>
     <span class='ocr_line' id='line_1_36' title="bbox 147 3291 1197 3376; baseline -0.001 -19"><span class='ocrx_word' id='word_1_259' title='bbox 147 3291 190 3357; x_wconf 72' lang='grc'>36</span> <span class='ocrx_word' id='word_1_260' title='bbox 212 3294 296 3356; x_wconf 89' lang='lat' dir='ltr'>sibus</span> <span class='ocrx_word' id='word_1_261' title='bbox 317 3298 440 3375; x_wconf 88' lang='lat' dir='ltr'>praeter</span> <span class='ocrx_word' id='word_1_262' title='bbox 463 3313 550 3357; x_wconf 90' lang='lat' dir='ltr'>arma</span> <span class='ocrx_word' id='word_1_263' title='bbox 570 3298 601 3356; x_wconf 91' lang='lat' dir='ltr'>et</span> <span class='ocrx_word' id='word_1_264' title='bbox 621 3315 716 3358; x_wconf 77' lang='lat' dir='ltr'>naves</span> <span class='ocrx_word' id='word_1_265' title='bbox 736 3296 814 3357; x_wconf 92' lang='lat' dir='ltr'>nihil</span> <span class='ocrx_word' id='word_1_266' title='bbox 829 3299 994 3376; x_wconf 88' lang='lat' dir='ltr'>supererat,</span> <span class='ocrx_word' id='word_1_267' title='bbox 1016 3295 1197 3358; x_wconf 83' lang='lat' dir='ltr'>Alcibiades</span> 
     </span>
     <span class='ocr_line' id='line_1_37' title="bbox 212 3379 1198 3463; baseline 0 -20"><span class='ocrx_word' id='word_1_268' title='bbox 212 3380 251 3443; x_wconf 72' lang='lat' dir='ltr'>ad</span> <span class='ocrx_word' id='word_1_269' title='bbox 266 3380 436 3443; x_wconf 79' lang='lat' dir='ltr'>exercitum</span> <span class='ocrx_word' id='word_1_270' title='bbox 450 3379 684 3443; x_wconf 84' lang='lat' dir='ltr'>Atheniensium</span> <span class='ocrx_word' id='word_1_271' title='bbox 700 3381 787 3442; x_wconf 74' lang='lat' dir='ltr'>venit</span> <span class='ocrx_word' id='word_1_272' title='bbox 799 3381 902 3461; x_wconf 91' lang='lat' dir='ltr'>ibique</span> <span class='ocrx_word' id='word_1_273' title='bbox 923 3385 1085 3463; x_wconf 83' lang='lat' dir='ltr'>praesente</span> <span class='ocrx_word' id='word_1_274' title='bbox 1096 3382 1198 3461; x_wconf 81' lang='lat' dir='ltr'>vulgo</span> 
     </span>
     <span class='ocr_line' id='line_1_38' title="bbox 211 3466 1195 3548; baseline 0.001 -22"><span class='ocrx_word' id='word_1_275' title='bbox 211 3478 306 3545; x_wconf 72' lang='lat' dir='ltr'>agere</span> <span class='ocrx_word' id='word_1_276' title='bbox 316 3466 428 3547; x_wconf 87' lang='lat' dir='ltr'>coepit;</span> <span class='ocrx_word' id='word_1_277' title='bbox 445 3467 542 3528; x_wconf 83' lang='lat' dir='ltr'>suasit</span> <span class='ocrx_word' id='word_1_278' title='bbox 552 3467 606 3542; x_wconf 92' lang='lat' dir='ltr'>eis,</span> <span class='ocrx_word' id='word_1_279' title='bbox 622 3471 657 3528; x_wconf 92' lang='lat' dir='ltr'>ut</span> <span class='ocrx_word' id='word_1_280' title='bbox 667 3485 763 3529; x_wconf 84' lang='lat' dir='ltr'>naves</span> <span class='ocrx_word' id='word_1_281' title='bbox 774 3469 857 3548; x_wconf 91' lang='lat' dir='ltr'>apud</span> <span class='ocrx_word' id='word_1_282' title='bbox 868 3468 994 3529; x_wconf 86' lang='lat' dir='ltr'>Festum</span> <span class='ocrx_word' id='word_1_283' title='bbox 1005 3467 1112 3529; x_wconf 89' lang='lat' dir='ltr'>urbem</span> <span class='ocrx_word' id='word_1_284' title='bbox 1124 3486 1195 3529; x_wconf 91' lang='lat' dir='ltr'>ocn-</span> 
     </span>
     <span class='ocr_line' id='line_1_39' title="bbox 210 3550 1196 3632; baseline 0.002 -20"><span class='ocrx_word' id='word_1_285' title='bbox 210 3550 382 3629; x_wconf 79' lang='lat' dir='ltr'>stitnereut,</span> <span class='ocrx_word' id='word_1_286' title='bbox 408 3551 461 3613; x_wconf 89' lang='lat' dir='ltr'>ubi</span> <span class='ocrx_word' id='word_1_287' title='bbox 485 3556 518 3613; x_wconf 90' lang='lat' dir='ltr'>et</span> <span class='ocrx_word' id='word_1_288' title='bbox 542 3556 647 3632; x_wconf 90' lang='lat' dir='ltr'>portus</span> <span class='ocrx_word' id='word_1_289' title='bbox 670 3555 752 3614; x_wconf 89' lang='lat' dir='ltr'>esset</span> <span class='ocrx_word' id='word_1_290' title='bbox 776 3560 809 3614; x_wconf 88' lang='lat' dir='ltr'>et</span> <span class='ocrx_word' id='word_1_291' title='bbox 830 3555 1016 3615; x_wconf 87' lang='lat' dir='ltr'>commeatus</span> <span class='ocrx_word' id='word_1_292' title='bbox 1036 3552 1137 3614; x_wconf 84' lang='lat' dir='ltr'>facilis</span> <span class='ocrx_word' id='word_1_293' title='bbox 1161 3557 1196 3614; x_wconf 88' lang='lat' dir='ltr'>et</span> 
     </span>
    </p>
   </div>
   <div class='ocr_carea' id='block_1_3' title="bbox 0 0 1258 4080">
    <p class='ocr_par' dir='ltr' id='par_1_3' title="bbox 0 0 1258 4080">
     <span class='ocr_line' id='line_1_40' title="bbox 0 0 1258 4080; baseline 0 0"><span class='ocrx_word' id='word_1_294' title='bbox 0 0 1258 4080; x_wconf 95' lang='lat' dir='ltr'> </span> 
     </span>
    </p>
   </div>
  </div>
 </body>
</html>
