<?xml version="1.0" encoding="UTF-8"?>
<!DOCTYPE html PUBLIC "-//W3C//DTD XHTML 1.0 Transitional//EN"
    "http://www.w3.org/TR/xhtml1/DTD/xhtml1-transitional.dtd">
<html xmlns="http://www.w3.org/1999/xhtml" xml:lang="en" lang="en">
 <head>
  <title>
</title>
<meta http-equiv="Content-Type" content="text/html;charset=utf-8" />
  <meta name='ocr-system' content='tesseract 3.04.00' />
  <meta name='ocr-capabilities' content='ocr_page ocr_carea ocr_par ocr_line ocrx_word'/>
</head>
<body>
  <div class='ocr_page' id='page_1' title='image "./liberdeexcelben00nepogoog_0102.png"; bbox 0 0 2504 4080; ppageno 0'>
   <div class='ocr_carea' id='block_1_1' title="bbox 405 234 1086 301">
    <p class='ocr_par' dir='ltr' id='par_1_1' title="bbox 405 234 1086 301">
     <span class='ocr_line' id='line_1_1' title="bbox 405 234 1086 301; baseline 0.003 -2"><span class='ocrx_word' id='word_1_1' title='bbox 405 235 499 299; x_wconf 87' lang='lat' dir='ltr'><strong>XIII.</strong></span> <span class='ocrx_word' id='word_1_2' title='bbox 521 234 787 301; x_wconf 73' lang='lat' dir='ltr'><strong>IPHIORATES.</strong></span> <span class='ocrx_word' id='word_1_3' title='bbox 1046 236 1086 301; x_wconf 77' lang='lat'>77</span> 
     </span>
    </p>
   </div>
   <div class='ocr_carea' id='block_1_2' title="bbox 97 408 1155 1433">
    <p class='ocr_par' dir='ltr' id='par_1_2' title="bbox 97 408 1087 662">
     <span class='ocr_line' id='line_1_2' title="bbox 97 408 1087 489; baseline 0.001 -18"><span class='ocrx_word' id='word_1_4' title='bbox 97 408 346 471; x_wconf 81' lang='lat' dir='ltr'>immortales</span> <span class='ocrx_word' id='word_1_5' title='bbox 361 408 491 484; x_wconf 84' lang='lat' dir='ltr'>filias,</span> <span class='ocrx_word' id='word_1_6' title='bbox 506 427 657 489; x_wconf 87' lang='lat' dir='ltr'>pugnas</span> <span class='ocrx_word' id='word_1_7' title='bbox 671 408 920 470; x_wconf 78' lang='lat' dir='ltr'>Leuctricam</span> <span class='ocrx_word' id='word_1_8' title='bbox 934 414 970 471; x_wconf 89' lang='lat' dir='ltr'>et</span> <span class='ocrx_word' id='word_1_9' title='bbox 984 409 1087 472; x_wconf 89' lang='lat' dir='ltr'>Man·</span> 
     </span>
     <span class='ocr_line' id='line_1_3' title="bbox 101 494 1087 575; baseline 0.001 -18"><span class='ocrx_word' id='word_1_10' title='bbox 101 496 332 569; x_wconf 83' lang='lat' dir='ltr'>tineensem,</span> <span class='ocrx_word' id='word_1_11' title='bbox 348 494 537 573; x_wconf 90' lang='lat' dir='ltr'>relinquo.</span> <span class='ocrx_word' id='word_1_12' title='bbox 583 494 643 555; x_wconf 90' lang='lat' dir='ltr'>Hic</span> <span class='ocrx_word' id='word_1_13' title='bbox 666 514 795 556; x_wconf 80' lang='lat' dir='ltr'>uxorem</span> <span class='ocrx_word' id='word_1_14' title='bbox 809 514 974 575; x_wconf 80' lang='lat' dir='ltr'><strong>numquam</strong></span> <span class='ocrx_word' id='word_1_15' title='bbox 989 497 1087 558; x_wconf 83' lang='lat' dir='ltr'>duxit</span> 
     </span>
     <span class='ocr_line' id='line_1_4' title="bbox 102 580 1087 662; baseline 0.002 -19"><span class='ocrx_word' id='word_1_16' title='bbox 102 580 146 643; x_wconf 85' lang='lat' dir='ltr'>In</span> <span class='ocrx_word' id='word_1_17' title='bbox 158 600 216 660; x_wconf 88' lang='lat' dir='ltr'>quo</span> <span class='ocrx_word' id='word_1_18' title='bbox 229 598 298 641; x_wconf 91' lang='lat' dir='ltr'>cum</span> <span class='ocrx_word' id='word_1_19' title='bbox 309 580 591 660; x_wconf 81' lang='lat' dir='ltr'>reprehenderetur,</span> <span class='ocrx_word' id='word_1_20' title='bbox 608 580 688 659; x_wconf 94' lang='lat' dir='ltr'>quod</span> <span class='ocrx_word' id='word_1_21' title='bbox 700 580 812 642; x_wconf 89' lang='lat' dir='ltr'>liberos</span> <span class='ocrx_word' id='word_1_22' title='bbox 822 600 881 642; x_wconf 90' lang='lat' dir='ltr'>non</span> <span class='ocrx_word' id='word_1_23' title='bbox 892 582 1087 662; x_wconf 88' lang='lat' dir='ltr'>relinqueret,</span> 
     </span>
    </p>

    <p class='ocr_par' dir='ltr' id='par_1_3' title="bbox 99 665 1155 1433">
     <span class='ocr_line' id='line_1_5' title="bbox 100 665 1089 747; baseline 0.002 -19"><span class='ocrx_word' id='word_1_24' title='bbox 100 685 127 728; x_wconf 77' lang='lat' dir='ltr'>a</span> <span class='ocrx_word' id='word_1_25' title='bbox 140 665 296 747; x_wconf 83' lang='lat' dir='ltr'>Pelopida,</span> <span class='ocrx_word' id='word_1_26' title='bbox 312 666 364 745; x_wconf 94' lang='lat' dir='ltr'>qui</span> <span class='ocrx_word' id='word_1_27' title='bbox 378 665 476 726; x_wconf 90' lang='lat' dir='ltr'>filium</span> <span class='ocrx_word' id='word_1_28' title='bbox 489 667 622 727; x_wconf 87' lang='lat' dir='ltr'>hahebat</span> <span class='ocrx_word' id='word_1_29' title='bbox 635 666 796 742; x_wconf 82' lang='lat' dir='ltr'>infamem,</span> <span class='ocrx_word' id='word_1_30' title='bbox 817 667 957 746; x_wconf 86' lang='lat' dir='ltr'>maleque</span> <span class='ocrx_word' id='word_1_31' title='bbox 972 688 1043 729; x_wconf 90' lang='lat' dir='ltr'>eum</span> <span class='ocrx_word' id='word_1_32' title='bbox 1056 670 1089 730; x_wconf 92' lang='lat' dir='ltr'>in</span> 
     </span>
     <span class='ocr_line' id='line_1_6' title="bbox 103 751 1132 834; baseline 0.002 -18"><span class='ocrx_word' id='word_1_33' title='bbox 103 772 143 816; x_wconf 81' lang='lat' dir='ltr'>cc</span> <span class='ocrx_word' id='word_1_34' title='bbox 158 753 276 832; x_wconf 83' lang='lat' dir='ltr'>patriae</span> <span class='ocrx_word' id='word_1_35' title='bbox 290 752 448 813; x_wconf 88' lang='lat' dir='ltr'>consulere</span> <span class='ocrx_word' id='word_1_36' title='bbox 462 751 586 827; x_wconf 86' lang='lat' dir='ltr'>diceret,</span> <span class='ocrx_word' id='word_1_37' title='bbox 602 751 702 828; x_wconf 82' lang='lat' dir='ltr'>vide,</span> <span class='ocrx_word' id='word_1_38' title='bbox 716 751 840 831; x_wconf 84' lang='lat' dir='ltr'>inquit,</span> <span class='ocrx_word' id='word_1_39' title='bbox 860 772 904 815; x_wconf 87' lang='lat' dir='ltr'>ne</span> <span class='ocrx_word' id='word_1_40' title='bbox 919 764 960 813; x_wconf 90' lang='lat' dir='ltr'>tu</span> <span class='ocrx_word' id='word_1_41' title='bbox 975 755 1088 834; x_wconf 88' lang='lat' dir='ltr'>peius</span> <span class='ocrx_word' id='word_1_42' title='bbox 1110 753 1132 818; x_wconf 84' lang='lat'>5</span> 
     </span>
     <span class='ocr_line' id='line_1_7' title="bbox 99 836 1085 916; baseline 0 -16"><span class='ocrx_word' id='word_1_43' title='bbox 99 838 309 912; x_wconf 81' lang='lat' dir='ltr'>consulas,</span> <span class='ocrx_word' id='word_1_44' title='bbox 325 837 388 916; x_wconf 91' lang='lat' dir='ltr'>qui</span> <span class='ocrx_word' id='word_1_45' title='bbox 403 836 520 900; x_wconf 87' lang='lat' dir='ltr'>talem</span> <span class='ocrx_word' id='word_1_46' title='bbox 536 857 581 898; x_wconf 88' lang='lat' dir='ltr'>ex</span> <span class='ocrx_word' id='word_1_47' title='bbox 595 840 634 898; x_wconf 93' lang='lat' dir='ltr'>te</span> <span class='ocrx_word' id='word_1_48' title='bbox 648 841 778 899; x_wconf 91' lang='lat' dir='ltr'>natum</span> <span class='ocrx_word' id='word_1_49' title='bbox 790 837 1085 900; x_wconf 88' lang='lat' dir='ltr'>relicturussis.</span> 
     </span>
     <span class='ocr_line' id='line_1_8' title="bbox 104 922 1086 1003; baseline 0.002 -19"><span class='ocrx_word' id='word_1_50' title='bbox 104 922 208 984; x_wconf 87' lang='lat' dir='ltr'>Huius</span> <span class='ocrx_word' id='word_1_51' title='bbox 233 924 272 984; x_wconf 91' lang='lat' dir='ltr'>de</span> <span class='ocrx_word' id='word_1_52' title='bbox 297 922 463 984; x_wconf 78' lang='lat' dir='ltr'>virtutibus</span> <span class='ocrx_word' id='word_1_53' title='bbox 488 923 612 1003; x_wconf 80' lang='lat' dir='ltr'>vitaque</span> <span class='ocrx_word' id='word_1_54' title='bbox 637 924 711 985; x_wconf 90' lang='lat' dir='ltr'>satis</span> <span class='ocrx_word' id='word_1_55' title='bbox 737 923 796 985; x_wconf 87' lang='lat' dir='ltr'>erit</span> <span class='ocrx_word' id='word_1_56' title='bbox 821 924 950 999; x_wconf 90' lang='lat' dir='ltr'>dictum,</span> <span class='ocrx_word' id='word_1_57' title='bbox 977 925 1003 984; x_wconf 92' lang='lat' dir='ltr'>si</span> <span class='ocrx_word' id='word_1_58' title='bbox 1030 925 1086 986; x_wconf 90' lang='lat' dir='ltr'>hoc</span> 
     </span>
     <span class='ocr_line' id='line_1_9' title="bbox 102 1008 1088 1090; baseline 0.002 -20"><span class='ocrx_word' id='word_1_59' title='bbox 102 1028 201 1070; x_wconf 90' lang='lat' dir='ltr'>unum</span> <span class='ocrx_word' id='word_1_60' title='bbox 211 1009 389 1085; x_wconf 85' lang='lat' dir='ltr'>adiunxero,</span> <span class='ocrx_word' id='word_1_61' title='bbox 405 1009 485 1089; x_wconf 89' lang='lat' dir='ltr'>quod</span> <span class='ocrx_word' id='word_1_62' title='bbox 496 1028 584 1072; x_wconf 90' lang='lat' dir='ltr'>nemo</span> <span class='ocrx_word' id='word_1_63' title='bbox 596 1011 644 1070; x_wconf 91' lang='lat' dir='ltr'>est</span> <span class='ocrx_word' id='word_1_64' title='bbox 658 1009 710 1088; x_wconf 93' lang='lat' dir='ltr'>qui</span> <span class='ocrx_word' id='word_1_65' title='bbox 724 1013 825 1090; x_wconf 90' lang='lat' dir='ltr'>neget,</span> <span class='ocrx_word' id='word_1_66' title='bbox 842 1008 962 1071; x_wconf 84' lang='lat' dir='ltr'>Thebas</span> <span class='ocrx_word' id='word_1_67' title='bbox 977 1014 1088 1072; x_wconf 84' lang='lat' dir='ltr'>stante</span> 
     </span>
     <span class='ocr_line' id='line_1_10' title="bbox 104 1093 1089 1175; baseline 0.001 -17"><span class='ocrx_word' id='word_1_68' title='bbox 104 1093 352 1175; x_wconf 83' lang='lat' dir='ltr'>Epaminondam</span> <span class='ocrx_word' id='word_1_69' title='bbox 373 1097 406 1156; x_wconf 88' lang='lat' dir='ltr'>et</span> <span class='ocrx_word' id='word_1_70' title='bbox 423 1098 492 1175; x_wconf 89' lang='lat' dir='ltr'>post</span> <span class='ocrx_word' id='word_1_71' title='bbox 514 1095 651 1156; x_wconf 89' lang='lat' dir='ltr'>eiusdem</span> <span class='ocrx_word' id='word_1_72' title='bbox 665 1095 823 1156; x_wconf 87' lang='lat' dir='ltr'>iuteritum</span> <span class='ocrx_word' id='word_1_73' title='bbox 837 1100 945 1157; x_wconf 87' lang='lat' dir='ltr'>tenues</span> <span class='ocrx_word' id='word_1_74' title='bbox 959 1100 990 1158; x_wconf 90' lang='lat' dir='ltr'>et</span> <span class='ocrx_word' id='word_1_75' title='bbox 1004 1096 1089 1175; x_wconf 76' lang='lat' dir='ltr'>Igno·</span> 
     </span>
     <span class='ocr_line' id='line_1_11' title="bbox 104 1180 1155 1263; baseline 0.003 -22"><span class='ocrx_word' id='word_1_76' title='bbox 104 1181 194 1257; x_wconf 88' lang='lat' dir='ltr'>biles,</span> <span class='ocrx_word' id='word_1_77' title='bbox 210 1183 315 1243; x_wconf 87' lang='lat' dir='ltr'>contra</span> <span class='ocrx_word' id='word_1_78' title='bbox 330 1200 374 1256; x_wconf 90' lang='lat' dir='ltr'>ea,</span> <span class='ocrx_word' id='word_1_79' title='bbox 390 1180 535 1259; x_wconf 90' lang='lat' dir='ltr'>quamdiu</span> <span class='ocrx_word' id='word_1_80' title='bbox 546 1180 600 1241; x_wconf 92' lang='lat' dir='ltr'>ille</span> <span class='ocrx_word' id='word_1_81' title='bbox 611 1181 777 1262; x_wconf 80' lang='lat' dir='ltr'>praefueut</span> <span class='ocrx_word' id='word_1_82' title='bbox 787 1182 981 1263; x_wconf 87' lang='lat' dir='ltr'>reipublicae,</span> <span class='ocrx_word' id='word_1_83' title='bbox 998 1186 1090 1263; x_wconf 87' lang='lat' dir='ltr'>caput</span> <span class='ocrx_word' id='word_1_84' title='bbox 1113 1180 1155 1244; x_wconf 91' lang='lat'>10</span> 
     </span>
     <span class='ocr_line' id='line_1_12' title="bbox 103 1263 1091 1348; baseline 0.001 -20"><span class='ocrx_word' id='word_1_85' title='bbox 103 1266 201 1329; x_wconf 80' lang='lat' dir='ltr'>fnisse</span> <span class='ocrx_word' id='word_1_86' title='bbox 221 1265 319 1328; x_wconf 80' lang='lat' dir='ltr'>totius</span> <span class='ocrx_word' id='word_1_87' title='bbox 342 1263 498 1328; x_wconf 82' lang='lat' dir='ltr'>Graeclae.</span> <span class='ocrx_word' id='word_1_88' title='bbox 543 1266 673 1346; x_wconf 84' lang='lat' dir='ltr'>Exque</span> <span class='ocrx_word' id='word_1_89' title='bbox 696 1267 829 1347; x_wconf 83' lang='lat' dir='ltr'>intelligi</span> <span class='ocrx_word' id='word_1_90' title='bbox 855 1272 968 1348; x_wconf 86' lang='lat' dir='ltr'>potest,</span> <span class='ocrx_word' id='word_1_91' title='bbox 995 1289 1091 1330; x_wconf 88' lang='lat' dir='ltr'>unum</span> 
     </span>
     <span class='ocr_line' id='line_1_13' title="bbox 105 1351 769 1433; baseline -0.005 -18"><span class='ocrx_word' id='word_1_92' title='bbox 105 1353 262 1415; x_wconf 87' lang='lat' dir='ltr'>hominem</span> <span class='ocrx_word' id='word_1_93' title='bbox 276 1351 373 1433; x_wconf 88' lang='lat' dir='ltr'>pluris</span> <span class='ocrx_word' id='word_1_94' title='bbox 389 1371 481 1431; x_wconf 84' lang='lat' dir='ltr'>quam</span> <span class='ocrx_word' id='word_1_95' title='bbox 496 1353 651 1414; x_wconf 86' lang='lat' dir='ltr'>civitatem</span> <span class='ocrx_word' id='word_1_96' title='bbox 666 1353 769 1414; x_wconf 84' lang='lat' dir='ltr'>fuisse.</span> 
     </span>
    </p>
   </div>
   <div class='ocr_carea' id='block_1_3' title="bbox 499 1676 704 1686">
    <p class='ocr_par' dir='ltr' id='par_1_4' title="bbox 499 1676 704 1686">
     <span class='ocr_line' id='line_1_14' title="bbox 499 1676 704 1686; baseline 0 0"><span class='ocrx_word' id='word_1_97' title='bbox 499 1676 704 1686; x_wconf 78' lang='lat'>--—--——--—</span> 
     </span>
    </p>
   </div>
   <div class='ocr_carea' id='block_1_4' title="bbox 393 1930 798 2033">
    <p class='ocr_par' dir='ltr' id='par_1_5' title="bbox 393 1930 798 2033">
     <span class='ocr_line' id='line_1_15' title="bbox 393 1930 798 2033; baseline 0.005 -23"><span class='ocrx_word' id='word_1_98' title='bbox 393 1930 511 2011; x_wconf 81' lang='lat' dir='ltr'>xffl.</span> <span class='ocrx_word' id='word_1_99' title='bbox 540 1931 798 2033; x_wconf 86' lang='lat' dir='ltr'>lphlcrates.</span> 
     </span>
    </p>
   </div>
   <div class='ocr_carea' id='block_1_5' title="bbox 99 2106 1195 3661">
    <p class='ocr_par' dir='ltr' id='par_1_6' title="bbox 104 2106 1130 2356">
     <span class='ocr_line' id='line_1_16' title="bbox 105 2106 1130 2204; baseline -0.001 -24"><span class='ocrx_word' id='word_1_100' title='bbox 105 2106 281 2204; x_wconf 76' lang='lat' dir='ltr'>Iphicrates</span> <span class='ocrx_word' id='word_1_101' title='bbox 291 2119 487 2182; x_wconf 84' lang='lat' dir='ltr'>Atheniensis</span> <span class='ocrx_word' id='word_1_102' title='bbox 501 2139 562 2181; x_wconf 89' lang='lat' dir='ltr'>non</span> <span class='ocrx_word' id='word_1_103' title='bbox 573 2124 636 2181; x_wconf 91' lang='lat' dir='ltr'>tam</span> <span class='ocrx_word' id='word_1_104' title='bbox 655 2118 865 2200; x_wconf 84' lang='lat' dir='ltr'>magnitudine</span> <span class='ocrx_word' id='word_1_105' title='bbox 876 2138 978 2180; x_wconf 90' lang='lat' dir='ltr'>rerum</span> <span class='ocrx_word' id='word_1_106' title='bbox 990 2122 1090 2198; x_wconf 87' lang='lat' dir='ltr'>gesta·</span> <span class='ocrx_word' id='word_1_107' title='bbox 1112 2119 1130 2179; x_wconf 94' lang='lat' dir='ltr'><strong>I</strong></span> 
     </span>
     <span class='ocr_line' id='line_1_17' title="bbox 104 2203 1092 2356; baseline -0.003 -87"><span class='ocrx_word' id='word_1_108' title='bbox 104 2228 187 2356; x_wconf 48' lang='grc' dir='ltr'>Ἠ,</span> <span class='ocrx_word' id='word_1_109' title='bbox 199 2226 299 2354; x_wconf 59' lang='lat' dir='ltr'>(pluam</span> <span class='ocrx_word' id='word_1_110' title='bbox 309 2206 474 2353; x_wconf 69' lang='lat' dir='ltr'>tdisciplinla</span> <span class='ocrx_word' id='word_1_111' title='bbox 489 2204 616 2353; x_wconf 39' lang='lat' dir='ltr'>milittaapi·</span> <span class='ocrx_word' id='word_1_112' title='bbox 630 2206 807 2267; x_wconf 88' lang='lat' dir='ltr'>nobilitatus</span> <span class='ocrx_word' id='word_1_113' title='bbox 822 2208 876 2304; x_wconf 78' lang='lat' dir='ltr'>est.</span> <span class='ocrx_word' id='word_1_114' title='bbox 901 2291 908 2303; x_wconf 34' lang='grc' dir='ltr'>ι</span> <span class='ocrx_word' id='word_1_115' title='bbox 921 2203 997 2266; x_wconf 85' lang='lat' dir='ltr'>Fuit</span> <span class='ocrx_word' id='word_1_116' title='bbox 1010 2205 1092 2266; x_wconf 89' lang='lat' dir='ltr'>enim</span> 
     </span>
    </p>

    <p class='ocr_par' dir='ltr' id='par_1_7' title="bbox 99 2310 1195 3661">
     <span class='ocr_line' id='line_1_18' title="bbox 168 2310 1092 2373; baseline -0.003 -17"><span class='ocrx_word' id='word_1_117' title='bbox 168 2313 183 2356; x_wconf 89' lang='lat' dir='ltr'>s</span> <span class='ocrx_word' id='word_1_118' title='bbox 219 2313 271 2368; x_wconf 88' lang='lat' dir='ltr'>ux,</span> <span class='ocrx_word' id='word_1_119' title='bbox 288 2314 309 2353; x_wconf 93' lang='lat' dir='ltr'>u</span> <span class='ocrx_word' id='word_1_120' title='bbox 336 2310 397 2353; x_wconf 90' lang='lat' dir='ltr'>non</span> <span class='ocrx_word' id='word_1_121' title='bbox 412 2311 445 2352; x_wconf 88' lang='lat' dir='ltr'>so</span> <span class='ocrx_word' id='word_1_122' title='bbox 459 2311 511 2352; x_wconf 92' lang='lat' dir='ltr'>um</span> <span class='ocrx_word' id='word_1_123' title='bbox 526 2311 561 2353; x_wconf 90' lang='lat' dir='ltr'>ae</span> <span class='ocrx_word' id='word_1_124' title='bbox 608 2312 633 2352; x_wconf 83' lang='lat' dir='ltr'>rs</span> <span class='ocrx_word' id='word_1_125' title='bbox 649 2311 723 2353; x_wconf 90' lang='lat' dir='ltr'>suae</span> <span class='ocrx_word' id='word_1_126' title='bbox 737 2310 1092 2373; x_wconf 80' lang='lat' dir='ltr'>cumprrmrscompara-</span> 
     </span>
     <span class='ocr_line' id='line_1_19' title="bbox 100 2372 1092 2457; baseline -0.003 -15"><span class='ocrx_word' id='word_1_127' title='bbox 100 2382 211 2455; x_wconf 79' lang='lat' dir='ltr'>retur,</span> <span class='ocrx_word' id='word_1_128' title='bbox 233 2379 289 2441; x_wconf 88' lang='lat' dir='ltr'>sed</span> <span class='ocrx_word' id='word_1_129' title='bbox 312 2399 351 2440; x_wconf 90' lang='lat' dir='ltr'>ne</span> <span class='ocrx_word' id='word_1_130' title='bbox 374 2377 413 2438; x_wconf 90' lang='lat' dir='ltr'>de</span> <span class='ocrx_word' id='word_1_131' title='bbox 428 2378 593 2438; x_wconf 88' lang='lat' dir='ltr'>maioribus</span> <span class='ocrx_word' id='word_1_132' title='bbox 608 2372 682 2439; x_wconf 86' lang='lat' dir='ltr'>natu</span> <span class='ocrx_word' id='word_1_133' title='bbox 697 2377 821 2457; x_wconf 90' lang='lat' dir='ltr'>quidem</span> <span class='ocrx_word' id='word_1_134' title='bbox 836 2377 995 2457; x_wconf 88' lang='lat' dir='ltr'>quisquam</span> <span class='ocrx_word' id='word_1_135' title='bbox 1009 2380 1092 2439; x_wconf 85' lang='lat' dir='ltr'>ante·</span> 
     </span>
     <span class='ocr_line' id='line_1_20' title="bbox 100 2458 1136 2546; baseline 0.001 -25"><span class='ocrx_word' id='word_1_136' title='bbox 100 2468 284 2546; x_wconf 86' lang='lat' dir='ltr'>poneretur.</span> <span class='ocrx_word' id='word_1_137' title='bbox 328 2463 462 2524; x_wconf 89' lang='lat' dir='ltr'>Multum</span> <span class='ocrx_word' id='word_1_138' title='bbox 487 2482 561 2524; x_wconf 81' lang='lat' dir='ltr'>vcro</span> <span class='ocrx_word' id='word_1_139' title='bbox 587 2464 619 2524; x_wconf 93' lang='lat' dir='ltr'>in</span> <span class='ocrx_word' id='word_1_140' title='bbox 645 2463 727 2526; x_wconf 91' lang='lat' dir='ltr'>hello</span> <span class='ocrx_word' id='word_1_141' title='bbox 754 2467 802 2525; x_wconf 90' lang='lat' dir='ltr'>est</span> <span class='ocrx_word' id='word_1_142' title='bbox 826 2467 975 2538; x_wconf 85' lang='lat' dir='ltr'>versatus,</span> <span class='ocrx_word' id='word_1_143' title='bbox 1003 2458 1136 2544; x_wconf 75' lang='lat' dir='ltr'>scepei)</span> 
     </span>
     <span class='ocr_line' id='line_1_21' title="bbox 99 2549 1093 2630; baseline -0.003 -17"><span class='ocrx_word' id='word_1_144' title='bbox 99 2551 297 2613; x_wconf 73' lang='lat' dir='ltr'>exercitibus</span> <span class='ocrx_word' id='word_1_145' title='bbox 312 2549 459 2630; x_wconf 84' lang='lat' dir='ltr'>praefuit,</span> <span class='ocrx_word' id='word_1_146' title='bbox 482 2550 603 2630; x_wconf 83' lang='lat' dir='ltr'>semper</span> <span class='ocrx_word' id='word_1_147' title='bbox 628 2549 753 2611; x_wconf 89' lang='lat' dir='ltr'>consilio</span> <span class='ocrx_word' id='word_1_148' title='bbox 774 2549 851 2611; x_wconf 84' lang='lat' dir='ltr'>vicit</span> <span class='ocrx_word' id='word_1_149' title='bbox 865 2552 1044 2628; x_wconf 90' lang='lat' dir='ltr'>tantumque</span> <span class='ocrx_word' id='word_1_150' title='bbox 1058 2569 1093 2610; x_wconf 91' lang='lat' dir='ltr'>eo</span> 
     </span>
     <span class='ocr_line' id='line_1_22' title="bbox 108 2634 1094 2715; baseline -0.005 -16"><span class='ocrx_word' id='word_1_151' title='bbox 108 2638 219 2713; x_wconf 79' lang='lat' dir='ltr'>valuit,</span> <span class='ocrx_word' id='word_1_152' title='bbox 235 2639 271 2698; x_wconf 92' lang='lat' dir='ltr'>ut</span> <span class='ocrx_word' id='word_1_153' title='bbox 283 2636 382 2697; x_wconf 91' lang='lat' dir='ltr'>multa</span> <span class='ocrx_word' id='word_1_154' title='bbox 395 2635 428 2696; x_wconf 91' lang='lat' dir='ltr'>in</span> <span class='ocrx_word' id='word_1_155' title='bbox 442 2654 476 2696; x_wconf 90' lang='lat' dir='ltr'>re</span> <span class='ocrx_word' id='word_1_156' title='bbox 492 2635 618 2696; x_wconf 86' lang='lat' dir='ltr'>militari</span> <span class='ocrx_word' id='word_1_157' title='bbox 633 2635 744 2715; x_wconf 84' lang='lat' dir='ltr'>partim</span> <span class='ocrx_word' id='word_1_158' title='bbox 758 2654 838 2696; x_wconf 87' lang='lat' dir='ltr'>nova</span> <span class='ocrx_word' id='word_1_159' title='bbox 851 2634 1003 2708; x_wconf 86' lang='lat' dir='ltr'>attulerit,</span> <span class='ocrx_word' id='word_1_160' title='bbox 1026 2653 1094 2714; x_wconf 90' lang='lat' dir='ltr'>par-</span> 
     </span>
     <span class='ocr_line' id='line_1_23' title="bbox 107 2719 1093 2801; baseline -0.007 -16"><span class='ocrx_word' id='word_1_161' title='bbox 107 2724 168 2785; x_wconf 88' lang='lat' dir='ltr'>tim</span> <span class='ocrx_word' id='word_1_162' title='bbox 181 2722 309 2785; x_wconf 85' lang='lat' dir='ltr'>meliora</span> <span class='ocrx_word' id='word_1_163' title='bbox 322 2720 437 2782; x_wconf 86' lang='lat' dir='ltr'>fecerit.</span> <span class='ocrx_word' id='word_1_164' title='bbox 464 2720 604 2798; x_wconf 83' lang='lat' dir='ltr'>Namque</span> <span class='ocrx_word' id='word_1_165' title='bbox 619 2720 672 2781; x_wconf 90' lang='lat' dir='ltr'>ille</span> <span class='ocrx_word' id='word_1_166' title='bbox 687 2720 841 2801; x_wconf 84' lang='lat' dir='ltr'>pedestria</span> <span class='ocrx_word' id='word_1_167' title='bbox 855 2739 940 2781; x_wconf 88' lang='lat' dir='ltr'>arma</span> <span class='ocrx_word' id='word_1_168' title='bbox 954 2719 1093 2779; x_wconf 83' lang='lat' dir='ltr'>mutavit.</span> 
     </span>
     <span class='ocr_line' id='line_1_24' title="bbox 108 2804 1095 2889; baseline -0.005 -18"><span class='ocrx_word' id='word_1_169' title='bbox 108 2806 191 2871; x_wconf 77' lang='lat' dir='ltr'>(lum</span> <span class='ocrx_word' id='word_1_170' title='bbox 212 2810 282 2870; x_wconf 87' lang='lat' dir='ltr'>ante</span> <span class='ocrx_word' id='word_1_171' title='bbox 302 2808 389 2868; x_wconf 92' lang='lat' dir='ltr'>illum</span> <span class='ocrx_word' id='word_1_172' title='bbox 411 2807 629 2889; x_wconf 87' lang='lat' dir='ltr'>imperatorem</span> <span class='ocrx_word' id='word_1_173' title='bbox 651 2806 794 2867; x_wconf 85' lang='lat' dir='ltr'>maximis</span> <span class='ocrx_word' id='word_1_174' title='bbox 809 2804 929 2885; x_wconf 88' lang='lat' dir='ltr'>clipeis,</span> <span class='ocrx_word' id='word_1_175' title='bbox 949 2804 1095 2866; x_wconf 82' lang='lat' dir='ltr'>brevibus</span> 
     </span>
     <span class='ocr_line' id='line_1_25' title="bbox 108 2886 1160 2971; baseline 0 -15"><span class='ocrx_word' id='word_1_176' title='bbox 108 2894 223 2970; x_wconf 88' lang='lat' dir='ltr'>hastis,</span> <span class='ocrx_word' id='word_1_177' title='bbox 244 2894 369 2955; x_wconf 88' lang='lat' dir='ltr'>minutis</span> <span class='ocrx_word' id='word_1_178' title='bbox 388 2894 501 2971; x_wconf 81' lang='lat' dir='ltr'>gladiis</span> <span class='ocrx_word' id='word_1_179' title='bbox 520 2894 692 2967; x_wconf 86' lang='lat' dir='ltr'>uterentur,</span> <span class='ocrx_word' id='word_1_180' title='bbox 716 2891 769 2952; x_wconf 92' lang='lat' dir='ltr'>ille</span> <span class='ocrx_word' id='word_1_181' title='bbox 790 2899 895 2952; x_wconf 89' lang='lat' dir='ltr'>contra</span> <span class='ocrx_word' id='word_1_182' title='bbox 909 2889 1025 2970; x_wconf 89' lang='lat' dir='ltr'>peltam</span> <span class='ocrx_word' id='word_1_183' title='bbox 1039 2910 1095 2971; x_wconf 90' lang='lat' dir='ltr'>pro</span> <span class='ocrx_word' id='word_1_184' title='bbox 1119 2886 1160 2957; x_wconf 91' lang='lat'>10</span> 
     </span>
     <span class='ocr_line' id='line_1_26' title="bbox 100 2973 1095 3061; baseline -0.001 -20"><span class='ocrx_word' id='word_1_185' title='bbox 100 2980 220 3061; x_wconf 75' lang='lat' dir='ltr'>ellpeis</span> <span class='ocrx_word' id='word_1_186' title='bbox 232 2980 317 3041; x_wconf 90' lang='lat' dir='ltr'>dedit</span> <span class='ocrx_word' id='word_1_187' title='bbox 331 2985 363 3058; x_wconf 87' lang='lat' dir='ltr'>(a</span> <span class='ocrx_word' id='word_1_188' title='bbox 377 2999 435 3058; x_wconf 92' lang='lat' dir='ltr'>quo</span> <span class='ocrx_word' id='word_1_189' title='bbox 450 2979 599 3061; x_wconf 84' lang='lat' dir='ltr'>peltastae</span> <span class='ocrx_word' id='word_1_190' title='bbox 613 2977 732 3058; x_wconf 90' lang='lat' dir='ltr'>pedites</span> <span class='ocrx_word' id='word_1_191' title='bbox 748 2973 964 3060; x_wconf 85' lang='lat' dir='ltr'>appellantur),</span> <span class='ocrx_word' id='word_1_192' title='bbox 988 2978 1095 3040; x_wconf 82' lang='lat' dir='ltr'>hastae</span> 
     </span>
     <span class='ocr_line' id='line_1_27' title="bbox 109 3062 1096 3146; baseline -0.001 -19"><span class='ocrx_word' id='word_1_193' title='bbox 109 3066 236 3129; x_wconf 90' lang='lat' dir='ltr'>modum</span> <span class='ocrx_word' id='word_1_194' title='bbox 251 3065 430 3146; x_wconf 84' lang='lat' dir='ltr'>duplicavit,</span> <span class='ocrx_word' id='word_1_195' title='bbox 454 3065 574 3145; x_wconf 87' lang='lat' dir='ltr'>gladi0s</span> <span class='ocrx_word' id='word_1_196' title='bbox 589 3064 743 3144; x_wconf 88' lang='lat' dir='ltr'>longiores</span> <span class='ocrx_word' id='word_1_197' title='bbox 758 3063 838 3126; x_wconf 85' lang='lat' dir='ltr'>fecit.</span> <span class='ocrx_word' id='word_1_198' title='bbox 882 3062 971 3125; x_wconf 88' lang='lat' dir='ltr'>Idem</span> <span class='ocrx_word' id='word_1_199' title='bbox 985 3063 1096 3126; x_wconf 88' lang='lat' dir='ltr'>loricas</span> 
     </span>
     <span class='ocr_line' id='line_1_28' title="bbox 109 3149 1096 3233; baseline -0.002 -20"><span class='ocrx_word' id='word_1_200' title='bbox 109 3152 223 3215; x_wconf 81' lang='lat' dir='ltr'>ltnteas</span> <span class='ocrx_word' id='word_1_201' title='bbox 248 3171 302 3233; x_wconf 89' lang='lat' dir='ltr'>pro</span> <span class='ocrx_word' id='word_1_202' title='bbox 329 3151 476 3213; x_wconf 89' lang='lat' dir='ltr'>consertis</span> <span class='ocrx_word' id='word_1_203' title='bbox 499 3154 591 3231; x_wconf 89' lang='lat' dir='ltr'>atque</span> <span class='ocrx_word' id='word_1_204' title='bbox 612 3151 714 3213; x_wconf 87' lang='lat' dir='ltr'>aeneis</span> <span class='ocrx_word' id='word_1_205' title='bbox 739 3149 874 3212; x_wconf 88' lang='lat' dir='ltr'>instituit</span> <span class='ocrx_word' id='word_1_206' title='bbox 900 3153 1096 3231; x_wconf 85' lang='lat' dir='ltr'>(quamquam</span> 
     </span>
     <span class='ocr_line' id='line_1_29' title="bbox 110 3237 1195 3318; baseline -0.003 -19"><span class='ocrx_word' id='word_1_207' title='bbox 110 3238 217 3299; x_wconf 83' lang='lat' dir='ltr'>linteis</span> <span class='ocrx_word' id='word_1_208' title='bbox 231 3237 292 3299; x_wconf 89' lang='lat' dir='ltr'>iam</span> <span class='ocrx_word' id='word_1_209' title='bbox 304 3237 432 3298; x_wconf 90' lang='lat' dir='ltr'>Homeri</span> <span class='ocrx_word' id='word_1_210' title='bbox 447 3239 584 3318; x_wconf 84' lang='lat' dir='ltr'>tempore</span> <span class='ocrx_word' id='word_1_211' title='bbox 597 3238 646 3298; x_wconf 90' lang='lat' dir='ltr'>usi</span> <span class='ocrx_word' id='word_1_212' title='bbox 661 3238 773 3315; x_wconf 86' lang='lat' dir='ltr'>erant);</span> <span class='ocrx_word' id='word_1_213' title='bbox 790 3237 899 3316; x_wconf 87' lang='lat' dir='ltr'>quihus</span> <span class='ocrx_word' id='word_1_214' title='bbox 913 3238 1005 3298; x_wconf 87' lang='lat' dir='ltr'>rebus</span> <span class='ocrx_word' id='word_1_215' title='bbox 1017 3237 1095 3296; x_wconf 89' lang='lat' dir='ltr'>mili·</span> <span class='ocrx_word' id='word_1_216' title='bbox 1192 3268 1195 3275; x_wconf 96' lang='lat'>·</span> 
     </span>
     <span class='ocr_line' id='line_1_30' title="bbox 110 3315 1161 3404; baseline -0.005 -19"><span class='ocrx_word' id='word_1_217' title='bbox 110 3326 159 3385; x_wconf 87' lang='lat' dir='ltr'>tes</span> <span class='ocrx_word' id='word_1_218' title='bbox 194 3323 399 3404; x_wconf 72' lang='lat' dir='ltr'>expeditores</span> <span class='ocrx_word' id='word_1_219' title='bbox 434 3327 466 3383; x_wconf 86' lang='lat' dir='ltr'>et</span> <span class='ocrx_word' id='word_1_220' title='bbox 502 3324 541 3384; x_wconf 88' lang='lat' dir='ltr'>ad</span> <span class='ocrx_word' id='word_1_221' title='bbox 570 3326 671 3385; x_wconf 88' lang='lat' dir='ltr'>motus</span> <span class='ocrx_word' id='word_1_222' title='bbox 706 3342 929 3402; x_wconf 88' lang='lat' dir='ltr'>concursusque</span> <span class='ocrx_word' id='word_1_223' title='bbox 964 3321 1096 3383; x_wconf 81' lang='lat' dir='ltr'>leuiores</span> <span class='ocrx_word' id='word_1_224' title='bbox 1119 3315 1161 3380; x_wconf 83' lang='lat'>15</span> 
     </span>
     <span class='ocr_line' id='line_1_31' title="bbox 110 3408 1097 3492; baseline -0.004 -22"><span class='ocrx_word' id='word_1_225' title='bbox 110 3408 260 3492; x_wconf 67' lang='lat' dir='ltr'>reddidit,</span> <span class='ocrx_word' id='word_1_226' title='bbox 274 3429 345 3471; x_wconf 92' lang='lat' dir='ltr'>nam</span> <span class='ocrx_word' id='word_1_227' title='bbox 360 3408 493 3490; x_wconf 88' lang='lat' dir='ltr'>pondere</span> <span class='ocrx_word' id='word_1_228' title='bbox 508 3410 642 3471; x_wconf 87' lang='lat' dir='ltr'>detracto</span> <span class='ocrx_word' id='word_1_229' title='bbox 659 3409 737 3488; x_wconf 92' lang='lat' dir='ltr'>quod</span> <span class='ocrx_word' id='word_1_230' title='bbox 749 3427 845 3488; x_wconf 87' lang='lat' dir='ltr'>aeque</span> <span class='ocrx_word' id='word_1_231' title='bbox 856 3427 966 3487; x_wconf 91' lang='lat' dir='ltr'>corpus</span> <span class='ocrx_word' id='word_1_232' title='bbox 978 3408 1097 3484; x_wconf 86' lang='lat' dir='ltr'>tegeret</span> 
     </span>
     <span class='ocr_line' id='line_1_32' title="bbox 109 3491 1095 3573; baseline -0.006 -16"><span class='ocrx_word' id='word_1_233' title='bbox 109 3498 146 3557; x_wconf 82' lang='lat' dir='ltr'>et</span> <span class='ocrx_word' id='word_1_234' title='bbox 165 3494 235 3557; x_wconf 84' lang='lat' dir='ltr'>leve</span> <span class='ocrx_word' id='word_1_235' title='bbox 255 3499 336 3557; x_wconf 88' lang='lat' dir='ltr'>esset</span> <span class='ocrx_word' id='word_1_236' title='bbox 357 3495 482 3555; x_wconf 85' lang='lat' dir='ltr'>invenit.</span> <span class='ocrx_word' id='word_1_237' title='bbox 528 3492 635 3556; x_wconf 83' lang='lat' dir='ltr'>Oaloes</span> <span class='ocrx_word' id='word_1_238' title='bbox 659 3495 807 3556; x_wconf 86' lang='lat' dir='ltr'>militares</span> <span class='ocrx_word' id='word_1_239' title='bbox 828 3512 947 3573; x_wconf 87' lang='lat' dir='ltr'>quoque</span> <span class='ocrx_word' id='word_1_240' title='bbox 968 3491 1095 3567; x_wconf 82' lang='lat' dir='ltr'>invenit,</span> 
     </span>
     <span class='ocr_line' id='line_1_33' title="bbox 102 3580 820 3661; baseline 0 -20"><span class='ocrx_word' id='word_1_241' title='bbox 102 3580 166 3661; x_wconf 77' lang='lat' dir='ltr'>‘qui</span> <span class='ocrx_word' id='word_1_242' title='bbox 182 3582 220 3643; x_wconf 90' lang='lat' dir='ltr'>ab</span> <span class='ocrx_word' id='word_1_243' title='bbox 236 3600 270 3645; x_wconf 86' lang='lat' dir='ltr'>eo</span> <span class='ocrx_word' id='word_1_244' title='bbox 285 3600 396 3643; x_wconf 89' lang='lat' dir='ltr'>nomen</span> <span class='ocrx_word' id='word_1_245' title='bbox 411 3580 615 3661; x_wconf 86' lang='lat' dir='ltr'>Iphicratides</span> <span class='ocrx_word' id='word_1_246' title='bbox 630 3583 820 3661; x_wconf 85' lang='lat' dir='ltr'>acceperunt.</span> 
     </span>
    </p>
   </div>
   <div class='ocr_carea' id='block_1_6' title="bbox 0 0 1267 4080">
    <p class='ocr_par' dir='ltr' id='par_1_8' title="bbox 0 0 1267 4080">
     <span class='ocr_line' id='line_1_34' title="bbox 0 0 1267 4080; baseline 0 0"><span class='ocrx_word' id='word_1_247' title='bbox 0 0 1267 4080; x_wconf 95' lang='lat' dir='ltr'> </span> 
     </span>
    </p>
   </div>
  </div>
 </body>
</html>
