2542 4088
216 247 260 315 11
555 192 643 311 rvr.
666 245 864 311 11101101.
956 336 959 341 Ι

472 550 475 554 “
534 573 883 656 1111111111.

177 767 198 828 I
222 747 366 825 Puocrou
381 763 439 825 etsi
453 782 544 845 saepe
559 762 745 825 exercitibus
756 763 890 845 praefuit
899 781 1091 843 summosque
1103 762 1205 842 magi-

219 854 332 912 stratus
347 850 437 931 oepit,
453 853 555 913 tamen
570 850 664 912 multo
679 850 779 910 notior
793 853 840 910 est
854 850 920 914 eius
934 849 1095 929 integritas
1106 849 1202 923 vitae,

219 956 309 1016 quam
334 937 380 997 rei
404 936 545 998 militaris
570 936 664 997 labor
715 935 824 1015 Itaque
848 936 930 1016 apud
954 935 1084 1015 vulgum
1109 934 1201 995 huius

218 1021 366 1083 memoria
381 1024 429 1081 est
443 1023 507 1082 fere
521 1021 614 1098 nulla,
630 1020 713 1082 illius
729 1024 830 1082 autem
845 1040 957 1100 magna
971 1022 1067 1095 fama,
1084 1039 1121 1082 ex
1135 1040 1197 1099 quo

173 1105 398 1188 boognomine
412 1105 610 1169 Bonust
563 1112 610 1168 est
631 1107 810 1188 appellatus.
856 1107 929 1168 Fuit
916 1107 1033 1168 teuim
1052 1110 1198 1188 perpetuo

106 1189 112 1205 ’“
218 1213 348 1274 pauper,
372 1211 441 1253 cum
465 1192 552 1253 dirit'
531 1193 666 1254 tissimus
688 1213 756 1254 esse
769 1212 859 1273 posse
860 1197 1011 1274 tprcpter
1025 1193 1201 1292 trequentes

218 1279 302 1342 delet
289 1285 336 1340 tos
351 1279 480 1339 honores
495 1281 628 1359 potestat
629 1299 721 1360 esque
736 1298 882 1354 summas,
907 1298 985 1358 quae
1005 1279 1034 1338 ei
1053 1297 1072 1340 a
1086 1279 1200 1360 populo

218 1364 376 1426 dabantur.
423 1361 501 1425 (lum
516 1365 678 1445 aliquando
693 1364 886 1440 Alexander,
907 1363 1109 1426 Macedonum
1132 1384 1198 1439 rex,

219 1455 340 1512 centum
354 1451 471 1512 talenta
486 1451 515 1512 ei
529 1452 670 1526 misisset,
687 1451 779 1512 exiis
794 1451 846 1529 qui
861 1449 1026 1512 afferebant
1036 1450 1199 1529 quaesiuit,

154 1534 198 1601 10
220 1556 273 1598 cur
283 1537 414 1613 tandem,
427 1556 496 1598 cum
507 1538 596 1598 multi
605 1537 808 1598 Athenienses
819 1540 929 1612 essent,
942 1537 1000 1598 sibi
1011 1537 1069 1596 soli
1079 1539 1200 1597 tantum

219 1625 365 1703 pecuniae
393 1643 451 1683 rex
480 1624 574 1685 daret.
617 1624 686 1684 Illis
715 1623 966 1702 respondentibus
995 1620 1135 1698 „Quod
1164 1625 1201 1682 te

220 1709 342 1769 solum
372 1709 500 1769 virum
529 1710 668 1768 bonum
701 1709 982 1789 honestumque
1012 1708 1200 1782 iudicat“,

220 1793 341 1873 Ergo,
365 1793 477 1874 inquit,
505 1814 561 1854 me
588 1795 689 1854 sinat
710 1794 827 1855 talem
850 1800 885 1856 et
905 1794 1197 1855 viderietesse.

220 1879 308 1940 idem
332 1900 400 1943 cum
421 1881 591 1959 Menyllus,
616 1901 706 1958 quem
726 1879 889 1960 Antipater
909 1879 1095 1960 Munychias
1113 1898 1200 1959 prae·

155 1961 198 2027 15
220 1966 342 2043 fecerat,
358 1967 386 2027 ei
401 1967 560 2046 pecuniam
572 1964 700 2041 offerret,
716 1966 898 2046 repudiavit,
914 1969 945 2026 et
959 1985 1028 2026 cum
1042 1967 1201 2028 hortaren-

220 2062 278 2127 tur,
294 2055 329 2113 ut
343 2053 494 2131 acciperet
509 2052 659 2132 simulque
673 2053 883 2128 admonerent,
900 2053 925 2112 si
939 2053 1005 2133 ipse
1020 2071 1057 2113 ea
1071 2053 1202 2132 pecunia

219 2138 310 2199 facile
325 2140 450 2212 careret,
465 2137 528 2198 filio
543 2144 645 2198 temen
659 2137 760 2198 Phoco
775 2139 976 2219 prospiceret,
1000 2139 1049 2198 cui
1072 2136 1199 2198 difficile

220 2227 301 2284 esset
312 2224 343 2285 in
359 2243 476 2283 summa
487 2227 666 2303 pauper
649 2227 793 2285 antam
802 2227 983 2303 paternam
984 2221 1197 2304 uerigloriam,

220 2306 488 2370 huicilleSiad
514 2310 613 2370 sanit
618 2313 715 2371 atem
740 2310 968 2384 reverterit,
996 2311 1094 2370 idem
1117 2308 1197 2383 hio,

154 2391 199 2456 20
222 2394 332 2474 inquit,
359 2393 517 2472 agellus
540 2396 715 2456 eumalet
702 2357 1199 2474 t,quimeadhancdigni-

220 2484 341 2541 tatem
366 2479 567 2560 perduxit,
594 2480 721 2561 qualis
742 2481 853 2541 filius
876 2501 978 2541 meus
1004 2500 1100 2541 nunc
1124 2489 1197 2555 est,

221 2566 320 2626 nihil
346 2566 380 2626 ei
406 2565 563 2628 sufficit.
615 2566 690 2627 Erat
715 2567 795 2626 enim
821 2566 940 2627 Phocus
965 2567 1144 2628 luxuriosus
1169 2573 1202 2626 et

221 2652 410 2714 libidinosus.

163 2737 199 2798 H
304 2738 393 2799 idem
420 2758 488 2799 cum
514 2740 554 2800 ad
579 2759 691 2801 aunum
707 2740 926 2818 octogesimum
952 2757 1099 2819 prospera
1131 2756 1201 2817 per-

156 2819 199 2883 25
221 2825 356 2887 venisset
370 2826 500 2901 fortuna,
515 2826 661 2886 extremis
676 2826 862 2905 temporibus
877 2844 1023 2903 magnum
1044 2824 1076 2883 in
1097 2823 1202 2885 odium

220 2915 346 2971 vocatus
362 2916 409 2972 est
424 2913 537 2972 civium
551 2931 683 2973 suorum.
728 2911 815 2972 Bello
838 2912 918 2991 quod
932 2911 1111 2971 Lamianum
1127 2909 1201 2969 dici-

221 2998 271 3053 tur
297 2998 414 3057 confec
415 3016 431 3057 0
402 2996 494 3057 ttA
495 2998 654 3057 herienses
681 3000 764 3061 coac
753 2998 775 3057 i
799 3001 869 3057 sunt
857 2997 921 3058 tab
937 2996 1000 3057 Ant
988 2997 1100 3076 tipatro
1115 3013 1204 3075 prae·

221 3080 332 3140 sidium
346 3082 547 3142 Macedonum
558 3082 696 3162 Menyllo
709 3083 828 3143 ducem
839 3083 1037 3163 Munychiam
1052 3082 1201 3161 recipere,

221 3165 358 3312 imperiot
373 3167 510 3248 populari
536 3169 656 3228 sublato
680 3172 731 3248 opt
733 3169 807 3229 imat
794 3169 874 3228 tibus
895 3169 1082 3249 reipublicae
1097 3186 1203 3228 curam

156 3246 201 3312 30
222 3253 344 3313 commit
346 3255 422 3327 te,re
456 3252 691 3314 Demosthenem
716 3255 851 3333 aliosque
876 3255 1013 3315 homines
1038 3253 1204 3336 populares

141 3342 144 3349 '
222 3339 350 3400 t.radere
380 3337 440 3407 Qui
465 3357 533 3398 oum
558 3358 598 3398 ex
613 3340 689 3400 urbe
702 3339 865 3420 fugissent,
839 3340 1023 3400 tDemade
1038 3342 1169 3416 rogante
1183 3357 1204 3399 a

221 3425 332 3504 populo
348 3423 454 3505 capitis
470 3425 606 3486 damnati
621 3429 692 3486 sunt
694 3473 699 3484 .
680 3425 753 3485 tA
764 3426 966 3487 Demosthene
981 3444 1054 3486 vero
1065 3424 1204 3487 Phocion

221 3529 276 3588 per
300 3512 395 3572 totam
420 3509 515 3571 vitam
540 3511 572 3571 111
597 3511 753 3592 republica
778 3511 976 3590 gubernanda
1007 3511 1203 3584 dissenserat,

219 3597 306 3656 cuius
321 3596 447 3658 consilia
461 3597 613 3658 libertatis
626 3596 772 3660 Graeciae
788 3608 818 3658 et
832 3596 1038 3659 restituendae
1052 3602 1085 3658 et
1100 3598 1207 3659 defeu-
