2504 4080
400 185 426 245 L
448 182 686 248 MILTIADES.
1014 186 1034 249 3

58 358 142 434 viro,
166 376 300 419 eororam
319 374 496 438 germanam
517 356 630 418 habere
649 356 681 417 in
696 357 902 435 matrimonio,
924 357 1037 441 quippe

60 464 132 507 cnm
153 444 237 505 ciras
257 442 321 505 eius
340 443 448 506 eodem
468 444 627 504 uterentur
645 442 798 506 instituto:
821 448 853 506 at
867 444 899 506 id
913 445 1036 525 quidem

59 530 176 594 nostris
189 529 323 592 moribus
335 529 421 590 nefas
434 529 569 591 habetur.
612 527 710 590 Laudi
725 528 758 588 in
772 526 902 593 Graecia
915 531 1037 592 ducitur

61 614 297 678 adolescentulis
318 634 407 696 quam
422 615 568 697 plurimos
582 613 724 676 habuisse
739 619 899 680 amatores.
941 616 1036 678 Nulla

61 701 281 764 Lacedaemoni
299 701 469 764 viduatam
484 705 532 761 est
544 701 665 777 nobilis,
685 719 762 781 quae
783 720 844 762 non
860 702 899 762 ad
913 721 1035 764 scenam
1057 701 1078 763 5

62 793 114 849 eat
127 787 263 849 mercede
277 787 433 848 conducta.
476 786 600 865 Magnis
621 786 653 846 in
667 786 808 848 laudibus
822 790 887 848 tota
899 787 964 848 fare
977 789 1036 850 fuit

61 871 192 935 Graecia
201 874 349 935 victorem
360 869 523 953 Olympiae
537 872 639 934 citari:
653 872 686 933 in
696 892 818 934 scenam
827 893 901 934 vero
913 874 1036 953 prodire

58 979 95 1021 ac
110 960 223 1040 populo
239 978 305 1020 esse
320 958 495 1039 spectaculo
516 958 629 1018 nemini
643 958 676 1019 in
689 958 803 1020 eisdem
818 960 962 1038 gentibus
976 957 1036 1020 fuit

58 1044 255 1127 turpitudini:
271 1063 348 1125 quaa
362 1042 463 1106 omnia
483 1045 564 1124 apud
577 1063 633 1105 nos
647 1045 757 1125 partim
773 1045 905 1120 infamia,
922 1045 1036 1126 partim

57 1129 186 1193 humilia
201 1135 292 1211 atque
307 1131 345 1191 ab
359 1130 517 1190 honestate
530 1132 647 1192 remota
665 1134 826 1211 ponuntur.
872 1128 985 1192 Contra
999 1150 1037 1192 ea
1059 1130 1100 1195 10

60 1218 204 1297 pleraque
225 1216 338 1278 nostris
358 1216 493 1276 moribus
515 1219 587 1277 sunt
614 1216 737 1291 decora,
766 1235 843 1296 quae
864 1217 944 1298 apud
965 1217 1035 1278 illos

61 1301 165 1383 turpia
176 1305 329 1383 putantur.
369 1301 469 1371 Quem
484 1302 564 1363 enim
578 1300 785 1364 Romanorum
801 1302 895 1383 pudet
908 1323 1036 1364 uxorem

61 1389 172 1449 ducere
182 1390 214 1449 in
227 1386 423 1452 convivium?
434 1390 487 1448 au't
498 1388 583 1450 cuius
594 1407 654 1449 non
666 1388 893 1449 materfamilias
904 1389 1036 1469 primum

57 1475 160 1536 locum
175 1478 260 1535 tenet
273 1474 393 1537 aedium
408 1477 498 1554 atque
511 1474 542 1535 in
558 1473 734 1535 celebritate
747 1474 909 1534 versatur?
946 1473 1036 1543 Quod

58 1561 156 1621 multo
170 1561 206 1621 fit
219 1560 307 1621 aliter
321 1559 353 1620 in
369 1556 506 1621 Graecia.
542 1558 622 1620 Nam
637 1579 735 1639 neque
749 1559 781 1619 in
796 1559 970 1620 convivium
985 1561 1035 1621 ad·
1059 1559 1100 1624 15

58 1645 191 1721 hibetur,
207 1646 266 1707 nisi
280 1646 526 1727 propinquorum,
541 1664 639 1724 neque
654 1648 754 1720 sedet,
770 1645 829 1706 nisi
844 1645 876 1706 in
890 1645 1035 1707 interiore

59 1736 148 1813 parte
168 1732 302 1807 aedium,
327 1751 403 1812 quaa
425 1731 636 1813 gynaeconitis
656 1732 843 1814 appellatur,
865 1753 923 1811 quo
946 1752 1034 1793 nemo

57 1818 190 1893 accedit,
210 1818 270 1879 nisi
291 1817 460 1898 propinqua
481 1817 660 1895 cognatione
680 1818 865 1878 coniunctus.
911 1815 972 1878 Sed
986 1819 1036 1878 hic

58 1905 150 1984 plura
171 1905 311 1983 persequi
332 1922 400 1963 cum
421 1903 597 1983 magnitudo
620 1903 784 1965 voluminis
800 1903 954 1984 prohibet,
970 1908 1035 1964 tum

57 1988 227 2050 Festinatio
241 1994 277 2050 ut
290 2009 328 2050 ea
341 1988 504 2069 explicem,
525 2007 602 2068 quae
617 2009 744 2050 exorsus
758 2009 833 2049 sum.
879 1988 982 2058 Quare
995 1991 1035 2050 ad
1057 1987 1100 2055 20

57 2075 247 2156 propositum
266 2075 424 2135 veniemus
445 2081 474 2135 et
493 2075 526 2134 in
545 2076 602 2136 hcc
616 2095 801 2156 exponemus
822 2075 900 2136 libro
916 2075 954 2135 de
967 2075 1033 2137 vita

58 2161 275 2223 excellentium
288 2161 511 2241 imperatorum.

128 2366 330 2430 Bemorlnngcn:
365 2366 422 2417 Non
448 2364 535 2416 dubito
562 2363 617 2417 fore
642 2365 790 2432 plermque3
827 2366 869 2417 die
898 2366 1035 2418 llassische

59 2434 173 2502 Sprache
194 2433 302 2487 fordert:
329 2448 380 2485 nou
400 2432 501 2494 dubito,
528 2436 591 2499 quin
610 2435 745 2500 plurimi
769 2433 848 2487 futuri
878 2437 936 2487 siut.
973 2435 1034 2487 Gra-

57 2507 153 2563 iorum,
180 2503 363 2555 altertlrdmlich
389 2502 443 2554 und
470 2502 623 2554 dichtarisch
656 2502 698 2555 fur
727 2503 886 2555 Graecorum.
923 2503 1034 2570 Cimoni;

57 2573 107 2624 das
124 2572 253 2624 Genauare
275 2571 383 2623 darttber
400 2574 427 2622 in
450 2586 554 2623 unserer
571 2571 743 2638 Bearbeitung
761 2573 806 2624 das
824 2572 920 2625 Cimon.
956 2574 1036 2624 Lace·

57 2642 184 2701 daemoni,
201 2642 323 2693 locatione
339 2639 381 2693 fur
397 2641 595 2691 Lacedaemone.
629 2656 746 2700 scenam,
763 2640 867 2692 Andere
891 2641 959 2693 lesen
979 2657 1035 2692 coe-

56 2725 130 2770 nam,
156 2726 209 2762 was
236 2709 327 2760 kainon
351 2710 414 2762 Sinn
439 2709 500 2774 gibt.
541 2710 687 2774 magnitudo
709 2709 856 2771 voluminis,
879 2725 899 2761 s.
928 2709 1037 2762 daruber

57 2780 110 2832 den
125 2778 220 2831 kurzen
237 2779 347 2829 Bericht.

446 2966 650 2977 ——-——-

401 3171 436 3252 1.
463 3170 693 3253 lllltlades.

56 3344 249 3436 anrsnns,
290 3357 424 3422 Cimonis
462 3360 557 3437 filius,
599 3357 799 3423 Atheniensis
837 3362 939 3442 gentis
978 3361 1075 3424 fuitl

55 3447 273 3524 nobilissimae,
289 3465 368 3526 quae
377 3466 417 3506 ex
427 3446 547 3526 Aegina
561 3447 662 3508 insula
677 3448 812 3523 oriunda,
828 3452 934 3530 postea
948 3447 979 3506 in
995 3447 1035 3506 ci-

54 3534 187 3596 vitatem
201 3532 431 3596 Atheniensium
446 3536 568 3614 recepta
589 3537 668 3609 erat,
692 3535 776 3595 cuius
797 3539 902 3595 auctor
915 3531 1035 3594 Aeaeus

848 3633 880 3685 1*
