2504 4080
387 207 447 268 111
470 203 701 267 ARIS'HDES.
996 204 1037 268 21

51 377 275 461 proferebatur,
290 377 476 440 traditurum
490 377 685 458 respondisse
700 377 827 454 dicitur,
851 377 993 441 oblivisci
1009 397 1043 440 se

53 465 152 526 malle
171 462 301 539 discere;
323 464 413 525 credo
434 464 515 544 quod
539 464 706 526 haerebant
725 464 758 525 in
772 464 927 539 memoria,
952 482 1042 544 quae-

53 568 177 629 cunque
192 549 330 611 audierat
343 550 396 611 vel
410 549 539 614 viderat.
582 549 673 610 Illius
691 550 827 612 consiliis
848 551 964 613 iactum
985 553 1041 626 est,

53 633 214 698 ntGraeci
229 655 269 697 ex
282 635 417 716 ingentis
432 635 505 697 belli
519 636 687 697 terroribus
695 637 831 698 victores
842 636 1043 712 discederent,

55 741 94 784 ac
109 720 169 782 nisi
183 720 236 782 ille
255 720 377 797 fuisset,
399 721 481 783 haud
502 721 564 783 scio
586 740 626 783 an
643 719 773 784 Graecia
792 722 920 802 impetui
935 722 1043 784 barba·
1065 717 1087 782 5

55 826 162 869 rorum
177 807 394 869 succubuisset.
441 806 583 869 Eundem
605 812 707 869 tamen
728 808 777 868 sni
791 808 869 869 lucri
885 807 1044 869 studiosis·

53 894 178 969 simum,
190 893 415 968 avarissimum,
425 896 546 974 praeter
556 893 680 955 modum
687 894 889 968 ambitiosum,
900 893 1046 954 callidum

53 979 161 1055 fnisse,
177 979 253 1040 satis
267 979 366 1040 multa
383 979 525 1060 exempla
539 979 656 1041 docent.
694 978 735 1041 Et
749 987 834 1041 recte
849 977 954 1042 Cicero
971 978 1048 1040 dicit

53 1066 139 1127 hunc
153 1065 186 1126 in
200 1064 239 1126 iis
253 1065 358 1140 fuisse,
375 1065 427 1146 qui
442 1065 533 1126 facile
548 1065 694 1141 celarent,
711 1069 856 1140 tacerent,
872 1064 1045 1126 dissimula-

53 1154 135 1227 rent,
156 1150 387 1228 insidiarentur,
410 1152 622 1233 praeriperent
643 1151 776 1213 hostium
798 1151 939 1227 consilia,
964 1150 1045 1232 quod
1068 1146 1109 1213 10

53 1237 133 1299 satis
146 1256 187 1298 ex
201 1236 239 1297 iis
253 1241 388 1318 apparet,
404 1256 482 1317 quae
496 1237 535 1299 de
547 1257 582 1299 eo
591 1237 792 1300 narravimus.
815 1235 917 1300 Unum
930 1238 1045 1299 addere

54 1323 174 1405 placet,
208 1341 249 1383 ex
274 1342 333 1402 quo
365 1323 530 1402 singularis
563 1324 720 1405 pecuniae·
740 1324 849 1404 cupido
878 1323 968 1384 huius
994 1323 1046 1384 vel

54 1407 193 1470 maxime
207 1409 350 1487 cognosci
365 1409 470 1490 possit.
509 1406 586 1471 (lum
603 1406 715 1471 Graeci
730 1409 769 1470 de
782 1408 886 1470 reditu
901 1409 940 1469 ab
955 1406 1045 1468 Arte·

54 1494 146 1557 misio
156 1494 293 1575 parando
305 1495 484 1574 cogitarent,
502 1495 621 1557 incolae
632 1494 775 1557 Euboeae
788 1494 906 1555 insulae
917 1493 1047 1571 triginta

10 1606 15 1645 :
54 1580 173 1643 talem
193 1580 222 1642 ei
242 1581 405 1658 miserunt,
434 1601 473 1642 ne
501 1581 586 1662 prius
616 1580 723 1642 classis
745 1580 817 1641 inde
839 1579 1046 1655 reduceretur,
1070 1572 1111 1639 15

10 1674 16 1725 l
55 1685 150 1746 quam
170 1685 205 1728 se
218 1684 333 1746 suaque
346 1666 380 1728 in
394 1673 495 1728 tutum
515 1666 723 1728 contulissent.
767 1665 809 1727 Et
824 1665 1045 1727 Themistocles

56 1750 229 1834 Eurybiadi
240 1753 363 1832 quidem
374 1752 615 1815 Lacedaemonio
627 1752 768 1832 quinque,
783 1751 949 1814 Adimanto
961 1769 1045 1826 vero,

21 1858 29 1885 ··
58 1834 286 1900 Corinthiorum
309 1838 393 1914 duci,
426 1839 487 1899 tria
507 1838 636 1915 talenta,
668 1841 703 1899 ut
724 1838 763 1899 iis
784 1837 817 1899 id
838 1838 1046 1919 persuaderet,

56 1923 186 1999 obtulit,
207 1924 262 1984 sed
276 1923 335 1985 sibi
349 1923 496 1986 maiorem
510 1927 629 2006 partem
644 1923 818 1987 reservavit
831 1932 863 1984 et
877 1922 1046 1984 maximum

21 2042 25 2065 ÷
57 2008 180 2070 lucrum
199 2009 284 2085 feeit,
309 2028 379 2072 cum
399 2014 558 2091 praeterea
579 2010 643 2070 illis
665 2029 699 2071 se
712 2009 797 2071 iussu
812 2008 1046 2070 Atheniensium
1069 2003 1112 2070 20

22 2088 33 2151 ς’·
56 2114 127 2157 eam
141 2094 301 2176 pecuniam
316 2095 439 2157 dedisse
454 2096 622 2158 simularet.

449 2372 654 2381 —uu—

10 2514 19 2699 ,A
384 2591 465 2672 111.
492 2589 719 2672 Aristides.

10 2790 16 2845 Ξ·
58 2763 235 2856 Amanum,
252 2778 429 2862 Lysimachi
442 2780 533 2855 filius,
549 2777 747 2840 Atheniensis
761 2797 798 2840 ae
820 2777 899 2839 ualis
914 2777 978 2838 fere
992 2777 1051 2838 fuit
1073 2777 1088 2838 Ι

10 2862 14 2937 ζ
60 2864 270 2931 Themistocli.
312 2866 346 2955 Is
368 2866 435 2927 sine
456 2865 547 2927 dubio
563 2865 697 2945 optimus
712 2867 743 2926 et
757 2799 944 2926 inabssimus
960 2863 1049 2927 homo

12 2952 15 2957 '
59 2949 193 3013 Athenis
207 2952 267 3014 fuit
280 2950 416 3033 adeoque
430 2951 603 3027 excellebat
617 2950 807 3028 innocentia,
831 2953 865 3011 ut
879 2966 967 3012 ¹unns
983 2955 1052 3032 post

52 3034 219 3099 'hominum
228 3038 415 3114 memoriam,
427 3057 518 3119 quem
530 3037 654 3118 quidem
664 3056 719 3098 nos
732 3036 927 3114 audierimus,
941 3056 1051 3118 cogno·

58 3122 144 3186 mine
164 3122 264 3186 iustus
277 3123 319 3186 sit
340 3125 520 3206 appellatus.
556 3121 635 3186 (lum
655 3122 817 3204 aliquando
839 3124 1052 3187 adversarium
1073 3119 1094 3184 5

58 3206 92 3271 in
113 3208 262 3273 iudicium
282 3211 470 3286 vocavisset,
502 3229 571 3272 cum
594 3208 711 3271 iudices
733 3210 924 3273 accusatione
947 3210 1052 3271 audita

57 3312 142 3373 eum,
157 3296 380 3379 undepetebat,
392 3296 498 3359 audire
509 3296 636 3372 nollent,
651 3296 707 3357 sed
718 3297 823 3359 statim
835 3300 869 3358 ut
881 3295 1051 3357 sentcntiae
1105 3332 1109 3338 -

15 3456 18 3461 Ι
58 3378 236 3445 dicerentur
263 3385 438 3465 poscerent,
468 3381 534 3463 ipse
559 3381 759 3463 supplicavit,
790 3386 825 3444 ut
854 3380 1050 3443 adversarius

56 3466 220 3531 audirem
238 3468 328 3550 eique
348 3468 396 3530 ius
416 3488 506 3529 suum
531 3469 720 3530 redderetur.
772 3468 860 3531 idem
881 3486 951 3527 cum
970 3466 1050 3527 inter

25 3572 29 3577 ·
56 3551 200 3635 privatos
214 3553 290 3617 dnos
305 3554 442 3616 homines
454 3553 540 3616 litem
552 3554 719 3630 dirimeret,
736 3554 833 3617 altero
850 3552 979 3627 dicente,
995 3550 1048 3612 ad·
1075 3548 1117 3614 10

37 3666 42 3675 ·
442 3660 466 3705 a·
