2504 4080
383 245 476 307 XIX.
499 243 705 309 EUMENES.
971 242 1037 308 105

54 417 185 498 colloqui
200 416 409 497 consolarique
424 420 581 498 cuperent:
596 418 686 478 multi
701 416 806 492 etiam,
829 419 880 497 qui
895 418 961 479 eius
976 419 1035 479 for·

56 525 137 566 mam
152 523 336 581 cognoscere
351 504 526 567 studebant:
546 504 645 582 q'ualis
668 510 762 575 esset,
785 524 874 582 quem
897 512 959 565 tam
983 505 1036 565 diu

54 598 178 670 tamque
193 591 284 651 valde
299 591 485 663 timuissent,
510 592 595 649 cuius
609 589 641 651 in
656 590 788 669 pernicie
804 591 935 669 positam
950 611 1036 671 spem

54 678 233 738 habuissent
248 677 401 736 victoriae.
439 673 483 736 At
496 674 649 736 Eumenes
665 693 734 735 cum
749 676 864 736 diutius
879 678 908 736 in
925 677 1036 737 1111111

55 768 150 836 11111,
178 763 220 822 ait
235 760 440 834 Onomarcho,
468 782 561 841 penes
583 781 673 839 quem
695 779 814 822 summa
836 763 955 843 imperii
970 768 1038 823 erat
1058 759 1083 822 5

57 847 219 922 custodiae,
235 869 268 908 se
284 849 399 922 mirari,
410 866 504 926 quare
515 848 576 908 iam
588 849 711 908 tertium
723 848 804 907 diem
814 849 859 908 sic
870 856 1037 909 teneretur:

56 954 118 996 non
134 936 214 995 enim
229 935 285 995 hoc
299 937 461 995 convenire
476 934 624 1013 Antigoni
639 934 834 1014 prudentiae,
857 940 892 995 ut
905 935 950 993 sic
965 935 1036 995 abu-

56 1026 175 1082 teretur
196 1021 291 1081 victo:
315 1021 387 1099 quin
409 1030 462 1080 aut
476 1020 605 1081 interfici
619 1028 673 1081 aut
687 1020 814 1081 missum
828 1020 895 1081 fieri
910 1020 1036 1080 iuberet.

53 1106 118 1168 Hic
134 1125 203 1166 cum
218 1105 347 1166 ferocius
362 1103 553 1191 Onomarcho
569 1106 652 1184 loqui
666 1107 836 1178 videretur,
861 1105 961 1176 Quid
976 1105 1037 1166 tu?

54 1192 157 1271 inquit
178 1193 300 1253 animo
322 1191 355 1252 si
377 1192 450 1251 isto
467 1212 567 1265 eras,
591 1211 655 1253 cur
678 1212 749 1253 non
765 1193 800 1252 iu
817 1193 963 1272 proelio
979 1211 1037 1252 ce·
1061 1186 1107 1252 111

11 1295 15 1300 “
56 1277 194 1339 cidisti
231 1278 360 1357 potius
400 1295 507 1355 quam
542 1279 579 1337 in
619 1283 853 1357 potestatem
894 1278 1037 1339 inimici

55 1364 236 1425 venires?
266 1362 348 1423 Huic
374 1361 530 1423 Eumenes
561 1363 714 1425 Utinam
750 1364 901 1440 quidem
932 1365 1040 1426 istud

55 1449 269 1512 evenisset!
291 1450 357 1509 sed
373 1469 414 1509 eo
431 1469 503 1510 non
524 1449 687 1522 accidit,
712 1449 810 1528 qnod
833 1468 1040 1527 numquam

56 1555 144 1597 cum
165 1535 333 1596 fortiore
355 1554 433 1594 sum
456 1553 698 1612 congressus
743 1533 823 1594 Non
839 1535 942 1595 enim
958 1555 1039 1595 enm

56 1640 244 1702 quoquam
274 1640 378 1681 arma
407 1621 568 1693 contuli,
600 1621 690 1698 quin
720 1620 754 1681 is
783 1621 874 1680 mihi
904 1639 1038 1681 1111111-
1062 1612 1106 1678 15

55 1708 201 1769 buerit.
246 1706 351 1767 Nunc
376 1724 446 1767 non
468 1707 621 1767 virtute
644 1707 831 1777 hostium,
858 1707 923 1766 sed
949 1706 1040 1767 ami-

58 1812 190 1855 corum
205 1793 378 1873 perfidia
394 1792 531 1852 decidi.
563 1791 672 1870 Neque
686 1793 717 1852 id
732 1793 851 1853 falsum.
875 1792 1041 1853 Nemeum

59 1878 93 1939 in
107 1879 229 1959 proeliis
244 1881 392 1939 acerrime
408 1879 543 1938 cominus
557 1897 695 1957 pugnare
706 1882 888 1951 consuesset,
905 1899 946 1958 qu
958 1897 1040 1938 cum-

62 1983 124 2044 que
142 1983 263 2025 manum
284 1984 353 2024 cum
375 1985 410 2026 eo
427 1972 654 2038 conseruerunt,
678 1983 765 2025 nemo
781 1982 838 2044 par
852 1984 919 2025 esse
934 1965 1040 2044 potuit.

59 2049 98 2110 Id
115 2051 192 2130 quod
208 2051 377 2111 mirabilius
393 2062 534 2129 aspectus
549 2052 614 2111 eius
629 2048 768 2112 faciebat.
801 2049 881 2110 Nam
896 2062 928 2110 11
942 2050 1041 2129 digni·
1062 2042 1110 2106 20·

61 2137 126 2197 tate
140 2137 197 2197 11111
217 2138 343 2197 honesta
364 2144 395 2196 et
416 2137 534 2196 viribus
557 2137 596 2196 ad
612 2137 747 2196 laborem
761 2137 920 2196 serendum
934 2136 1039 2210 firmis,

59 2241 159 2302 neque
173 2230 237 2282 tam
252 2241 362 2302 magno
379 2242 504 2302 corpore
519 2242 610 2302 quam
625 2222 725 2300 figura
738 2228 877 2283 venusta.

145 2307 192 2368 De
213 2309 269 2368 hoc
284 2309 458 2386 Antigonus
481 2327 549 2368 cum
572 2310 655 2370 solus
677 2310 808 2369 constitu
818 2328 861 2368 111
876 2329 936 2369 non
951 2308 1042 2368 aude·
1057 2297 1133 2364 XII

57 2397 115 2463 ret,
131 2394 169 2456 ad
185 2394 344 2455 consilium
359 2395 472 2455 retulit.
518 2394 579 2454 Hic
601 2415 670 2455 oum
691 2415 795 2455 omnes
810 2395 907 2474 primo
923 2405 1040 2474 pertur-

56 2480 123 2541 bati
136 2481 359 2540 admirarentur
369 2500 430 2540 non
440 2481 499 2541 iam
508 2481 547 2540 de
556 2500 591 2541 eo
604 2492 758 2561 sumptum
770 2501 837 2540 esse
848 2482 1040 2560 supplicium,
1063 2471 1106 2536 25

57 2586 77 2628 a
100 2586 159 2645 qno
182 2574 227 2626 tot
249 2585 343 2628 annos
365 2567 440 2626 adeo
463 2572 564 2626 essent
586 2568 666 2627 male
688 2568 799 2640 habiti,
827 2573 861 2627 111
887 2585 978 2646 saepe
1002 2566 1041 2626 ad

57 2653 302 2732 desperationem
328 2654 428 2712 forent
459 2653 595 2726 adducti,
630 2655 741 2731 quique
773 2653 923 2713 maximos
948 2652 1042 2710 duces

56 2739 271 2813 interfecisset,
295 2739 425 2816 denique
441 2738 471 2797 in
488 2759 545 2817 quo
561 2758 620 2799 uno
635 2747 753 2799 tantum
769 2747 863 2811 esset,
886 2745 920 2796 ut
942 2736 1041 2815 quoad

57 2824 113 2885 ille
127 2826 249 2884 viveret
270 2825 327 2904 ipsi
351 2824 448 2884 securi
463 2844 531 2884 esse
546 2844 605 2885 non
626 2836 763 2903 possent,
787 2824 945 2882 interfecto
966 2821 1042 2881 nihil

58 2911 193 2970 habituri
217 2912 332 2990 negotii
354 2917 471 2985 essent,
497 2917 663 2990 postremo,
687 2911 713 2969 si
736 2910 781 2969 1111
804 2909 946 2969 redderet
960 2909 1040 2968 salu·
1064 2902 1106 2967 30

58 3001 137 3070 tem,
161 2997 353 3075 quaerebant,
377 2998 486 3075 quibus
502 2997 608 3057 amicis
628 3000 709 3055 esset
731 3016 854 3056 usurus:
871 3015 938 3055 sese
960 2997 1042 3055 enim

60 3101 131 3142 cnm
153 3081 290 3142 Eumene
312 3083 393 3162 apud
416 3102 485 3142 eum
508 3102 568 3143 non
590 3083 716 3144 futuros.
760 3080 821 3141 Hic
836 3082 958 3160 cognita
973 3101 1041 3140 con-

59 3169 123 3229 silii
138 3169 295 3229 voluntate
321 3180 423 3229 tamen
448 3190 544 3247 usque
571 3169 609 3228 ad
636 3169 799 3248 septimum
825 3169 905 3228 diem
930 3168 1041 3227 delibe-

58 3254 148 3316 randi
164 3255 222 3314 sibi
237 3255 368 3335 spatium
383 3255 515 3333 reliquit.
540 3254 618 3315 Tum
634 3264 744 3328 autem,
762 3274 831 3314 cum
846 3256 906 3315 iam
921 3271 1041 3316 verere-

60 3344 127 3414 tur,
151 3360 189 3400 ne
211 3341 724 3420 0111111110111111111011111111,
747 3342 846 3402 vetnit
860 3357 1042 3419 quemquam
1063 3326 1113 3393 35·

58 3425 101 3489 ad
124 3445 194 3487 eum
220 3427 339 3487 admitti
355 3432 386 3486 et
406 3427 615 3504 quotidianum
630 3428 746 3488 victum
769 3426 919 3487 removeri
946 3423 1042 3483 iussit.

58 3511 143 3574 Nam
163 3514 296 3593 negabat
315 3533 348 3573 se
370 3513 398 3572 ei
413 3514 477 3573 vim
492 3513 669 3588 allaturum,
692 3515 744 3592 qui
759 3511 920 3591 aliquando
935 3509 1044 3569 fuisset

60 3599 187 3662 amicus.
230 3598 291 3661 Hic
316 3601 420 3660 tamen
445 3617 505 3659 uon
532 3600 662 3679 amplius
690 3617 780 3677 quam
806 3597 941 3658 triduum
963 3597 1045 3657 same
