2504 4080
474 240 576 302 XVII.
600 239 711 303 DION.
1043 240 1090 305 89³

102 414 254 488 deleotus,
276 431 458 492 quamquam
477 413 553 474 nihil
568 432 702 493 unquam
723 413 761 474 od
776 414 965 476 voluntatem
980 416 1083 497 populi

100 519 200 579 neque
215 498 345 574 dixerat,
361 518 459 578 neque
469 499 593 574 iecerat,
609 499 663 559 sed
674 499 853 580 saepissime
863 501 892 560 ei
903 502 1083 562 adversatus

41 584 44 593 '
101 590 176 647 erat.
201 582 305 646 Oratio
320 585 386 645 eius
401 588 468 646 erat
481 585 585 646 brevis
599 587 631 645 et
642 585 795 659 eonoinna,
813 586 952 647 omnibus
967 587 1083 664 recisis,

104 691 183 753 quae
205 671 358 732 abundare
382 671 577 747 viderentur,
601 691 730 751 eumque
756 671 855 733 solum
880 692 920 732 ex
943 673 1083 734 omnibus

102 756 274 818 oratoribus
286 755 507 818 Demosthenes
521 757 656 830 timebat,
679 776 768 837 quem
784 776 852 818 eum
867 758 906 819 ad
921 757 1082 819 dioendum
1103 755 1134 819 52.

101 845 290 917 surrexerat,
324 842 462 921 gladium
486 844 648 904 verborum
674 863 798 905 suorum
828 844 929 904 dicere
954 844 1080 905 solebat

100 929 151 991 Ita
165 932 268 990 autem
283 932 444 990 consuerat
457 929 569 1010 populo
595 930 767 1006 adversari,
787 931 822 990 ut
836 948 905 990 oum
919 929 1081 1010 aliquando

98 1014 236 1077 oratione
250 1013 354 1075 habita
367 1015 509 1095 plausum
520 1016 584 1076 eius
595 1015 725 1089 tulisset,
741 1017 781 1077 ad
793 1016 905 1077 amieos
917 1035 1081 1077 conversus

98 1098 323 1162 diceretNum
338 1101 631 1162 fortenesoiens
646 1101 736 1163 mali
751 1102 840 1183 quid
855 1101 961 1163 dixi?
982 1101 1081 1164 Fare

98 1189 154 1248 bat
174 1189 277 1248 autem
298 1206 353 1266 per
378 1189 473 1247 totam
498 1187 594 1248 vitam
620 1189 757 1267 partibus
780 1188 995 1264 Macedonum,
1022 1208 1082 1252 non
1105 1183 1158 1248 10>

101 1292 160 1352 qno
184 1272 358 1333 libertatem
383 1273 511 1348 odisset,
541 1275 596 1335 sed
621 1274 701 1352 quod
730 1274 937 1354 intelligebat,
967 1276 1081 1336 frustra

101 1356 304 1419 Athenienses
319 1359 471 1439 potentiae
486 1378 590 1420 eorum
605 1360 761 1420 obsistere.

489 1652 694 1659 ———-——

428 1870 560 1952 XVII.
588 1870 755 1971 lllun*).

101 2059 196 2151 Dron,
211 2074 372 2158 Hipparini
387 2077 481 2153 filius,
506 2077 729 2160 Syracusanus,
745 2077 840 2138 nobili
854 2097 966 2157 genere
980 2081 1078 2154 natus,
1102 2077 1123 2137 I⁴

100 2167 231 2242 utraque
244 2163 417 2245 implicatus
433 2165 596 2244 tyrannide
611 2161 836 2244 Dionysiorum.
874 2164 1013 2244 Namque
1027 2165 1081 2225 ille

99 2248 239 2329 superior
253 2248 494 2326 Aristomachen,
517 2270 651 2312 sororem
666 2249 787 2325 Dionis,
811 2251 916 2311 hebuit
930 2250 962 2311 in
976 2251 1080 2311 matri-

100 2335 211 2410 monio,
236 2355 272 2396 ex
287 2354 346 2415 qna
362 2337 437 2396 duos
452 2337 546 2412 filios,
563 2337 768 2417 Hipparinum
783 2341 814 2397 et
827 2336 988 2412 Nisaeum,
1011 2357 1080 2418 pro-

102 2421 219 2481 creavit
232 2421 419 2501 totidemque
433 2422 520 2498 filias,
536 2424 658 2483 nomine
673 2421 888 2504 Sophrosynen
904 2429 934 2485 et
948 2423 1078 2485 Areten:
1122 2415 1156 2480 ἃ

102 2524 229 2585 quarum
250 2506 383 2586 priorem
403 2507 550 2588 Dionysio
573 2509 651 2583 filio,
676 2509 776 2570 eidem
797 2508 845 2570 oui
865 2529 994 2588 regnum
1009 2510 1079 2570 reli-

101 2591 176 2667 quit,
191 2597 320 2673 nuptum
336 2593 428 2668 dedit,
445 2595 582 2670 alteram,
599 2595 722 2671 Areten,
738 2594 838 2656 Dioni.
882 2594 961 2656 Dion
977 2598 1079 2657 eutem

98 2680 222 2758 praeter
243 2698 423 2756 generosam
445 2680 700 2760 propinquitatem
719 2681 912 2760 nobilemque
932 2680 1080 2741 maiorum

101 2764 213 2826 samam
227 2766 325 2826 multa
339 2766 400 2828 alia
414 2766 452 2828 ab
467 2770 576 2828 natura
590 2765 696 2826 hebuit
710 2766 801 2827 bona:
816 2768 848 2827 in
864 2766 907 2826 eis
922 2765 1079 2843 ingenium

101 2850 210 2927 doeile,
231 2870 329 2929 oome,
352 2855 455 2934 aptum
470 2853 509 2914 ad
524 2857 605 2914 artes
621 2852 764 2932 optimas,
786 2870 929 2932 magnam
943 2852 1078 2932 eorporis
1102 2845 1156 2909 lor

98 2936 290 3017 dignitatem,
307 2957 383 3019 quae
398 2959 458 3000 non
469 2940 628 3000 minimum
641 2938 840 3012 commendat,
856 2957 983 3016 magnas
995 2957 1081 3019 prae·

101 3026 186 3084 terea
200 3023 325 3084 divitias
340 3028 459 3105 epatre
474 3026 610 3100 relictas,
634 3043 708 3104 quas
730 3024 797 3105 ipse
811 3023 935 3104 tyranni
949 3025 1080 3085 muneri-

101 3109 158 3169 bus
172 3113 307 3172 auxerat.
353 3110 429 3172 Erat
442 3112 567 3172 intimus
581 3110 728 3192 Dionysio
744 3110 846 3191 priori,
869 3130 967 3191 neque
981 3111 1083 3172 minus

171 3330 196 3397 *)
215 3331 261 3383 Ioh
278 3331 344 3383 habe
362 3331 456 3383 sowohl
479 3335 514 3384 im
531 3333 611 3393 Dion,
638 3332 675 3384 als
702 3333 767 3384 auch
792 3333 843 3384 den
867 3333 921 3384 drei
944 3331 1082 3397 folgenden

101 3398 254 3452 Feldhorren
271 3402 395 3452 Manehes
413 3401 500 3452 slehen
517 3401 608 3462 lassor,
626 3417 678 3453 was
696 3402 750 3454 sich
768 3402 834 3454 naoh
853 3402 965 3454 anderen
976 3400 1080 3451 Berich-

101 3474 144 3520 ten
162 3471 233 3521 nieht
249 3484 333 3535 genau
352 3485 379 3522 so
397 3469 500 3530 verbalt,
518 3472 567 3520 wie
585 3484 611 3520 es
628 3471 713 3538 Nepos
731 3471 850 3531 darstollt,
869 3470 903 3521 da
921 3470 963 3520 die
975 3471 1082 3520 Tertes-

100 3538 309 3605 reranderungen
335 3541 363 3591 in
389 3538 487 3590 leinem
510 3537 668 3593 Verh'altniss
694 3555 726 3592 zu
753 3541 798 3592 der
816 3536 1011 3603 Unwiehtiglreit
1036 3536 1084 3588 der

99 3606 249 3672 Ereignisse
265 3609 403 3675 gestanden
420 3608 513 3660 haten
