2504 4080
398 238 440 300 X.
465 235 709 301 AGESILAUS.
1003 235 1047 301 57

59 429 129 484 rex,
145 409 241 470 frater
251 406 404 488 Agesilai;
420 409 516 470 filium
527 409 694 488 reliquerat
705 400 933 488 Leotychidem,
945 429 1047 489 quem,

62 514 134 555 eum
158 497 248 555 natus
274 498 355 567 erat,
378 495 432 554 ille
451 515 512 556 non
538 499 683 573 agnorat;
709 494 840 556 eundem
866 515 953 555 suum
980 515 1047 556 esse

61 580 196 642 moriens
225 579 354 640 dixerat
414 580 447 640 Is
474 580 512 641 de
539 580 653 642 honore
677 580 767 660 regni
796 599 865 641 enm
891 580 1046 660 Agesilao,

62 669 173 746 patruo
187 685 252 741 suo,
268 665 423 726 contendit
444 685 542 744 neque
556 666 604 742 id,
627 666 707 745 quod
722 665 846 744 petivit,
867 671 1047 728 consecutus

64 758 122 813 est.
160 749 238 813 Nam
253 750 414 832 Lysandro
429 750 625 830 suffragante,
643 751 773 826 homine,
789 753 824 811 ut
840 770 932 830 supra
947 755 1045 813 esten-
1067 746 1093 812 5

64 837 181 911 dimus,
208 837 334 898 factioso
363 840 394 897 et
419 836 482 897 illis
511 836 699 918 temporibus
722 839 858 916 poteute,
881 836 1047 917 Agesilaus

62 921 215 984 antelatus
231 925 288 996 est,
304 921 581 983 contradicentibus
597 921 777 1002 quibusdam
787 924 911 1003 propter
922 942 1046 1004 respon-

61 1027 131 1068 sum
145 1007 260 1068 oraculi
280 1006 430 1087 Delphici,
447 1008 526 1087 quod
541 1011 709 1085 monuerat,
726 1012 871 1069 carerent
885 1008 1047 1089 imperinm

61 1093 251 1166 claudicans3
276 1112 347 1153 eum
361 1094 442 1154 enim
457 1094 547 1154 finem
570 1095 724 1174 potentiae
738 1093 1046 1157 Lacedaemoniorum

59 1181 134 1241 fore.
180 1176 256 1239 Erat
271 1182 373 1239 antem
388 1177 554 1258 Agesilaus
569 1181 696 1241 claudus
711 1180 808 1242 altero
823 1181 909 1260 pede.
1069 1176 1114 1240 10

150 1263 299 1344 Tempore
314 1264 367 1325 illo
384 1264 615 1327 Lacedaemonii
629 1267 661 1326 in
671 1265 749 1326 Asia
762 1267 878 1327 bellum
893 1285 961 1326 cum
972 1264 1045 1326 Per·
1067 1263 1103 1326 II

60 1351 104 1411 sis
119 1349 285 1428 gerebant,
309 1353 414 1411 contra
428 1371 503 1429 quos
520 1348 629 1413 Graeci
643 1351 763 1412 Ioniam
778 1351 944 1412 incolentes
959 1351 1045 1412 auxi·

59 1436 137 1497 lium
162 1453 266 1495 eorum
286 1434 534 1516 imploraverant.
579 1437 648 1496 Iam
670 1454 739 1496 enm
759 1437 883 1496 nuntius
903 1434 1046 1516 Spartam

61 1524 144 1583 esset
170 1521 305 1600 perlatus
331 1520 444 1583 Persas
465 1540 609 1601 magnam
640 1521 770 1582 classem
796 1539 985 1602 comparare,
1011 1525 1046 1580 ut

59 1606 316 1669 Lacedaemonios
345 1607 423 1667 mari
454 1607 642 1687 depellerent
674 1610 705 1667 et
741 1606 800 1686 ipsi
830 1606 862 1667 in
892 1606 1046 1686 Europam
1070 1603 1114 1667 15

60 1693 234 1767 traicerent,
250 1691 410 1773 Lysander
427 1692 574 1771 Agesilae
586 1693 746 1772 persuasit,
763 1696 807 1772 ut,
822 1693 849 1753 si
860 1692 936 1753 satis
947 1692 1046 1772 eopia·

61 1799 131 1839 rum
146 1777 204 1838 sibi
219 1778 401 1853 traderetur,
417 1779 613 1858 polliceretur
628 1798 661 1839 se
675 1779 707 1838 in
722 1778 830 1839 Asiam
844 1779 1046 1840 transiturum

62 1864 166 1942 ibique
180 1863 294 1924 bellum
309 1868 474 1943 gesturum.
499 1863 730 1925 Lacedaemonii
746 1866 848 1924 autem
862 1864 934 1924 huic
946 1867 1046 1924 tantas

62 1950 167 2027 copias
181 1949 386 2025 tradiderunt,
409 1954 536 2029 quantas
559 1950 741 2030 postulabat,
769 1949 949 2030 praesertim
977 1968 1046 2009 cum

62 2035 155 2096 urbes
177 2033 270 2094 Asiae
295 2035 402 2097 eodem
428 2035 587 2116 Lysandro
611 2043 734 2097 auctore
760 2055 830 2095 eum
856 2035 914 2095 sibi
937 2035 1045 2094 ducem
1066 2029 1112 2094 20

64 2121 278 2200 deposcerent;
300 2139 361 2181 una
383 2140 452 2181 cum
473 2121 530 2182 hoc
551 2121 678 2201 triginta
699 2118 868 2201 Spartiates
889 2119 1047 2196 miserunt,

65 2207 118 2285 qui
141 2205 170 2266 ei
191 2206 346 2281 adessent,
374 2207 406 2266 in
425 2206 463 2266 iis
478 2206 680 2287 Lysandrum.
723 2205 888 2286 Agesilaus
902 2209 937 2266 ut
950 2205 1047 2266 maius

66 2310 143 2372 opus
158 2292 288 2370 aggredi
303 2295 334 2352 et
344 2290 605 2372 Agamemnonem
620 2292 768 2353 aemulari
780 2291 946 2368 videretur,
961 2290 1048 2353 Auli-

65 2378 136 2440 dem
158 2396 192 2437 se
215 2378 356 2453 contulit,
379 2378 422 2438 ibi
443 2379 585 2459 exemplo
599 2378 683 2440 illius
698 2377 938 2452 sacrificaturus,
967 2377 1047 2458 quod

65 2463 226 2543 quominus
250 2463 380 2537 faceret,
410 2484 465 2543 per
485 2464 639 2544 principes
658 2462 854 2525 Boeotiorum
876 2463 1047 2544 prohibitus
1069 2456 1112 2520 25

64 2552 120 2610 est.
167 2547 244 2610 Tum
259 2549 291 2609 in
306 2548 413 2610 Asiam
428 2550 611 2625 transmisit,
634 2553 720 2619 tanta
735 2550 891 2610 celeritate
906 2568 993 2625 usus,
1013 2552 1049 2608 ut

63 2634 150 2715 prius
165 2654 201 2696 eo
217 2654 286 2694 eum
301 2635 396 2714 copiis
411 2636 601 2715 perveniret,
623 2655 713 2714 quam
729 2638 869 2714 satrapae
884 2635 963 2713 regii
978 2652 1048 2693 eum

64 2720 180 2781 seirent
193 2721 370 2801 profectum.
417 2719 486 2789 Quo
501 2722 616 2781 sactum
630 2724 691 2796 est,
715 2724 750 2780 ut
764 2739 868 2782 omnes
882 2719 1048 2800 imparatos

64 2806 335 2886 imprudentesque
351 2806 522 2868 offenderet.

108 2892 155 2952 Ac
166 2892 298 2971 primum
309 2893 432 2971 quidem
443 2891 599 2972 Ephesum
610 2911 642 2951 se
655 2890 791 2965 eontulit,
806 2888 878 2951 inde
891 2889 1007 2950 bellum
1027 2883 1137 2951 11130

66 2976 171 3037 Persis
186 2977 337 3038 illaturus.
383 2977 422 3038 Id
436 2981 471 3038 ut
486 2977 634 3057 comperit
648 2976 876 3057 Tissaphernes,
899 2976 952 3056 qui
967 2996 1048 3037 sum·

65 3082 150 3123 mum
183 3063 346 3143 imperium
377 3069 442 3126 tum
473 3065 553 3125 inter
578 3063 748 3145 praefectos
776 3063 880 3142 regios
908 3062 1048 3136 habebat,

64 3148 200 3210 indutias
222 3169 240 3210 a
261 3148 382 3217 Lacone
403 3150 492 3231 petiit
515 3150 662 3211 simulans
690 3169 723 3210 se
750 3149 823 3211 dare
849 3167 988 3229 operam,
1015 3152 1050 3208 ut

63 3233 315 3296 Lacedaemoniis
335 3256 404 3296 eum
425 3255 499 3314 rege
519 3236 708 3310 conveniret,
739 3255 773 3296 re
793 3238 896 3296 autem
916 3251 991 3294 vera
1010 3233 1049 3294 ad

65 3319 170 3401 copias
185 3321 404 3403 comparandas
409 3345 416 3393 ;
433 3341 544 3401 easque
558 3321 736 3401 impetravit
750 3322 928 3383 trimestres.
963 3320 1049 3379 Iura·
1071 3311 1114 3376 35

64 3406 113 3467 vit
133 3408 235 3468 autem
256 3410 383 3486 utarque
404 3425 437 3467 se
458 3407 524 3467 sine
547 3407 616 3468 dolo
636 3407 770 3468 indutias
790 3406 1047 3468 conservaturum.

64 3493 105 3554 In
121 3511 181 3571 qua
194 3493 336 3575 pactione
351 3511 471 3553 summa
484 3492 544 3556 fide
565 3493 678 3554 mansit
690 3492 868 3573 Agesilaus,
894 3493 999 3551 contra
1013 3507 1051 3549 ea

66 3577 288 3659 Tissaphernes
312 3578 390 3640 nihil
415 3578 500 3639 aliud
525 3596 615 3658 quam
635 3577 750 3640 bellum
771 3574 966 3656 compararit.
1011 3573 1050 3634 Id
