2504 4080
439 242 498 302 IX.
523 238 672 303 CONON.
1005 237 1048 301 53

426 480 500 562 IX.
529 478 690 560 Conon.

66 651 176 729 Conon
197 666 393 729 Atheniensis
414 669 496 730 bello
516 667 738 747 Peloponnesio
766 667 805 728 ad
828 667 1048 747 rempublicam
1069 671 1088 733 1

67 753 199 817 accessit
212 754 244 814 iu
259 773 354 834 eoque
369 754 434 816 eius
450 773 542 834 opera
555 755 660 831 magni
675 754 740 814 fuit.
785 752 865 814 Nam
880 771 949 812 oum
963 773 1048 833 prae·

67 843 118 902 tor
133 839 323 919 pedestribus
339 840 435 921 copiis
448 839 588 922 praefuit,
604 841 670 900 tum
681 858 755 900 vero
772 839 943 918 praefectus
958 839 1049 899 classi

66 944 197 1004 magnas
216 943 268 985 res
289 925 367 986 muri
388 927 494 1005 gessit.
540 924 626 994 Quas
648 927 686 987 ob
701 943 808 986 causas
823 924 1005 1004 praecipuus
1020 923 1050 984 ei

65 1012 164 1072 honor
183 1010 305 1071 habitus
326 1014 381 1071 est.
426 1011 528 1090 Atque
548 1011 629 1071 huuc
644 1010 846 1072 Athenienses
868 1029 938 1071 cum
959 1012 1050 1071 antea
1071 1010 1093 1074 5

65 1097 128 1158 iam
144 1096 211 1156 eius
226 1115 319 1177 opera
332 1096 381 1157 usi
392 1104 503 1171 essent,
520 1096 675 1157 Alcibiadi
689 1116 724 1157 re
738 1097 820 1176 apud
831 1095 957 1157 Notium
970 1096 1050 1157 male

67 1185 157 1263 gesta
177 1201 247 1242 oum
268 1181 336 1242 aliis
358 1202 468 1244 novem
491 1183 617 1244 ducibus
647 1181 838 1243 suffecerunt.
889 1181 1050 1265 Reputans

66 1286 152 1343 vero,
180 1267 230 1328 oui
256 1267 327 1328 duci
351 1268 562 1343 successisset,
588 1269 717 1330 classem
743 1267 879 1330 maxima
901 1268 1052 1329 industria

67 1353 243 1427 exornavit3
265 1353 320 1413 sed
339 1354 468 1416 navibus
488 1355 643 1415 exercitus
657 1355 776 1428 deerat,
798 1354 963 1415 fortissimo
979 1372 1051 1432 quo·

67 1439 186 1519 quein
210 1437 305 1500 Asiae
330 1440 523 1520 populatione
549 1441 669 1501 amisso.
714 1440 882 1500 Armantur
907 1458 996 1499 senes
1020 1440 1052 1499 et
1073 1435 1116 1502 10

67 1523 156 1606 pueri
170 1524 344 1605 impuberes
358 1530 391 1586 et
404 1545 548 1586 numerus
559 1526 692 1585 militum
703 1525 768 1584 sine
778 1524 932 1584 exercitus
944 1524 1052 1584 robore

68 1611 220 1691 expletur.
266 1607 327 1671 Sed
348 1612 424 1672 haec
444 1611 577 1672 imbellis
597 1617 682 1672 aetas
705 1630 764 1671 non
780 1628 911 1688 magnae
924 1608 1050 1670 utilitat'

68 1697 108 1758 ad
123 1697 238 1757 bellum
253 1695 324 1770 fuit3
340 1697 508 1758 caeduntur
519 1697 633 1777 passim
649 1701 702 1757 aut
712 1695 866 1775 fugientes
878 1696 1051 1776 capiuntur3

67 1785 214 1861 tantaque
233 1784 354 1861 strages
375 1786 428 1844 aut
448 1783 616 1844 occisorum
639 1785 692 1843 aut
713 1782 904 1862 captivorum
925 1783 997 1856 fuit,
1018 1784 1053 1841 ut

66 1867 301 1928 Atheniensium
313 1867 446 1930 deletum
457 1889 517 1930 non
528 1872 647 1929 tantum
657 1868 827 1948 imperium,
840 1887 946 1927 verum
959 1867 1052 1928 etiam
1076 1863 1116 1929 15

66 1972 180 2014 nomen
200 1952 365 2014 videretur.
412 1950 516 2015 Conon
540 1974 558 2016 a
580 1950 785 2029 Callicratide,
810 1954 887 2014 duce
901 1952 1053 2014 Lacedae

66 2038 247 2111 moniorum,
275 2039 314 2099 ad
333 2039 506 2120 Mitylenen
531 2040 632 2101 victus
659 2040 743 2100 etin
767 2046 888 2119 portum
916 2038 1052 2098 inclusus

67 2124 199 2186 victoria
219 2125 341 2185 demum
363 2126 551 2205 collegarum
572 2125 653 2206 apud
674 2125 846 2204 Arginusas
869 2124 985 2184 insulas
1005 2141 1052 2183 re-

67 2212 190 2293 portata
209 2209 357 2271 liberatus
377 2215 433 2272 cst.
478 2213 545 2274 Iam
566 2231 639 2272 vero
655 2209 859 2272 Athenienses
882 2210 921 2270 ad
936 2212 1053 2270 tantam

67 2295 204 2377 inopiam
216 2296 333 2357 redacti
348 2299 443 2372 erant,
459 2301 494 2358 ut
508 2301 687 2377 consumpta
705 2296 833 2358 militari
855 2300 956 2358 aetate
978 2295 1053 2356 civi·
1074 2289 1118 2356 20

68 2386 165 2444 tatem
179 2382 359 2462 peregrinis,
371 2383 471 2444 servis
481 2383 665 2458 libertatem,
678 2383 829 2445 damnatis
840 2382 1054 2462 impunitatem

69 2467 187 2528 darent.
231 2466 283 2528 Ex
298 2487 358 2547 qua
373 2469 545 2530 colluvione
558 2468 715 2531 hominum
730 2468 901 2548 conscripto
917 2468 1055 2529 exercitu

69 2552 186 2615 domini
201 2555 292 2614 antea
306 2550 455 2616 Graeciae
469 2555 525 2615 rix
539 2555 712 2616 libertatem
727 2557 898 2616 tuebantur.
935 2555 1053 2615 Iterum

70 2641 174 2701 tamen
189 2639 341 2700 fortunam
361 2642 455 2702 maris
477 2640 693 2721 experiendam
708 2641 882 2701 decernunt.
928 2638 988 2699 Sed
1003 2657 1054 2698 ne·

69 2744 130 2805 que
140 2725 170 2799 is
179 2725 268 2786 miles
282 2728 355 2800 erat,
368 2727 419 2806 qui
429 2746 540 2788 nomeu
551 2724 784 2786 Atheniensium
795 2726 941 2798 tueretur,
956 2742 1055 2802 neque
1076 2717 1118 2783 25

71 2829 126 2872 eae
140 2810 233 2885 vires,
250 2811 359 2891 quibus
373 2812 498 2873 vincere
513 2813 704 2888 consuerant,
720 2830 818 2890 neque
834 2809 962 2870 scientia
975 2808 1054 2869 mili·

70 2896 148 2958 taris
162 2896 195 2956 in
209 2896 268 2973 his,
284 2916 359 2976 quos
374 2898 505 2973 vincula,
526 2917 586 2959 non
607 2900 706 2958 castra
727 2896 946 2958 continuerant.
991 2895 1054 2957 Ita·

70 3001 131 3062 que
145 3001 250 3043 omnes
273 2983 354 3063 apud
368 2981 472 3064 Aegos
491 2984 605 3044 fiumen
625 2985 679 3044 aut
698 2983 780 3063 capti
799 2984 852 3044 aut
867 2981 959 3043 occisi
974 2984 1053 3043 sunt.

71 3065 159 3131 Unus
179 3067 244 3128 dux
259 3064 363 3130 Conon
383 3090 424 3130 ex
445 3069 561 3152 proelio
582 3069 745 3149 superfuit,
770 3069 821 3148 qui
842 3068 1055 3130 crudelitatem
1145 3102 1149 3111 ·

71 3153 186 3215 civium
205 3155 345 3215 metuens
366 3173 436 3216 eum
457 3175 567 3216 novem
589 3155 719 3215 navibus
745 3154 858 3230 evasit,
882 3175 922 3215 ex
945 3155 1055 3234 quihus
1077 3147 1120 3213 30

71 3257 167 3301 unam
185 3239 340 3315 Athenas,
363 3253 397 3302 ut
420 3241 516 3302 cladis
539 3240 681 3302 nuntium
696 3242 854 3324 perferret,
870 3241 969 3315 misit;
986 3259 1055 3300 cum

72 3325 184 3388 ceteris
214 3325 253 3387 ad
282 3325 471 3405 Euagoram,
502 3346 608 3405 regem
639 3325 751 3407 Cypri,
786 3327 937 3406 hospitem
966 3344 1055 3386 suum

74 3410 231 3474 concessit.

157 3496 206 3559 Ibi
220 3516 276 3580 per
291 3498 408 3577 aliquot
422 3517 517 3560 annos
531 3500 667 3560 moratus
682 3499 737 3558 est.
784 3495 860 3558 Cum
875 3515 948 3557 vero
963 3494 1055 3555 Lace·
1077 3491 1113 3553 H

71 3582 226 3645 daemonii
236 3583 447 3665 Dercyllidam
462 3584 493 3645 in
505 3582 611 3645 Asiam
627 3583 666 3645 ad
680 3583 794 3644 bellum
806 3582 909 3644 Persis
925 3581 1055 3642 inferen-
1077 3573 1120 3638 35
