2504 4080
234 232 275 296 78
532 231 626 294 XIII.
650 228 915 294 IPHICRAIES.

174 405 210 470 Π
318 402 411 484 Apud
427 400 608 465 Corinthum
631 405 717 465 tanta
736 402 902 464 severItate
920 403 1124 466 mercenariis
1138 425 1221 486 prae-

231 489 304 565 fuit,
327 494 363 551 ut
383 490 487 551 nullae
510 508 644 569 unquam
667 489 699 550 in
714 486 845 551 Graecia
868 509 968 569 neque
987 490 1220 554 exercitatiores

232 575 352 656 copiae,
376 594 474 655 neque
497 576 597 653 magis
618 575 775 636 audientes
796 574 910 636 fuerint
930 574 1015 650 duci,
1038 575 1072 636 in
1093 596 1220 657 eamque

232 662 481 723 consuetudinem
495 660 633 736 adduxit,
648 665 684 721 ut
699 679 768 721 cum
783 660 891 740 proelii
902 661 1028 740 signum
1038 662 1079 723 ab
1091 662 1218 744 impera-

188 743 210 808 5
233 749 299 810 tore
313 752 394 810 esset
409 749 524 824 datum,
545 747 611 807 sine
626 746 714 808 ducis
730 763 822 826 opera
835 746 880 806 sic
895 746 1054 808 ordinatae
1076 749 1217 810 consiste·
1233 743 1236 750 ’

232 837 314 909 rent,
338 839 373 894 ut
395 833 508 914 singuli
530 833 568 893 ab
582 832 766 912 peritissimo
781 831 965 912 imperatore
979 831 1125 912 dispositi
1138 834 1216 895 vide·

232 923 345 981 rentur.
391 919 459 981 Hoc
485 918 623 979 exercitu
650 935 767 980 moram
791 916 1119 996 Lacedaemoniorum,
1144 937 1218 999 quae

232 1005 405 1066 Lechaeum
433 1007 555 1085 portum
584 1003 753 1079 obtinebat,
779 1001 944 1079 interfecit,
971 1005 1054 1082 quod
1084 1005 1215 1066 maxime

231 1094 297 1152 tota
312 1087 443 1152 Graecia
466 1090 653 1151 celebratum
674 1092 729 1151 est.
773 1087 886 1150 Postea
907 1090 1033 1150 domum
1045 1094 1215 1165 revocatus,

169 1171 210 1236 10
232 1176 312 1255 quod
335 1174 463 1253 Argivis
496 1173 674 1237 Corinthum
700 1174 916 1254 occupantibus
947 1175 1126 1252 obstiterat,
1150 1195 1216 1237 cum

233 1264 300 1322 octo
321 1261 452 1320 navibus
475 1263 506 1320 et
526 1261 611 1322 mille
633 1260 778 1323 ducentis·
787 1260 935 1320 milltihus
950 1260 1030 1321 levis
1044 1264 1215 1324 armaturae

232 1345 264 1405 in
289 1346 524 1427 Hellespontum
549 1346 660 1407 missus
686 1350 747 1422 est,
774 1349 808 1407 ut
833 1365 882 1406 res
913 1346 1151 1408 Atheniensium
1175 1346 1214 1407 ihi

231 1432 416 1493 restitueret.
461 1429 633 1493 Anaxibius
648 1433 745 1507 eninr,
761 1432 813 1510 qui
826 1432 997 1512 praefectus
1012 1431 1214 1494 Lacedaemo-

231 1519 350 1580 niorum
365 1517 470 1597 Abydi
485 1523 560 1594 erat,
585 1518 622 1577 iis
637 1519 760 1598 negotia
775 1517 941 1579 exhibebat
955 1522 986 1579 et
1000 1519 1096 1579 urbes
1111 1538 1214 1580 eorum

168 1599 209 1664 15
231 1606 363 1666 multum
378 1604 520 1678 vexabat,
538 1623 628 1682 quem
642 1604 758 1685 proelio
773 1603 848 1664 vicit
862 1607 894 1664 et
914 1603 1077 1665 interfecit.
1123 1603 1214 1665 Brevi

231 1693 300 1770 post
314 1687 492 1750 Antalcidas
516 1688 773 1751 Lacedaemonius
799 1689 920 1750 adiutus
946 1708 965 1750 a
988 1689 1095 1751 Persis
1121 1690 1216 1753 classe

231 1774 302 1855 plus
317 1773 471 1853 octoginta
485 1775 611 1836 navium
625 1795 709 1836 mare
725 1774 862 1849 obtinuit,
886 1794 945 1853 quo
960 1775 1075 1836 factum
1099 1778 1161 1852 est,
1182 1777 1215 1836 ut

230 1860 434 1921 Athenienses
457 1866 640 1939 cogerentur
662 1860 854 1922 condiciones
874 1860 958 1942 pacis
978 1879 996 1921 a
1017 1879 1095 1940 rege
1108 1860 1213 1923 Persa-

230 1967 299 2008 rum
314 1946 460 2026 accipere.

164 2026 208 2092 20
229 2031 282 2093 III
315 2031 431 2092 Eodem
446 2031 510 2092 fere
524 2034 662 2112 tempore
671 2032 724 2092 rel
738 2030 825 2092 breui
836 2034 906 2113 post
916 2031 1087 2112 Iphicrates
1099 2030 1213 2093 bellum

230 2138 300 2180 cum
315 2117 483 2178 Thracibus
498 2118 603 2198 gessit,
622 2115 776 2193 Seuthem,
792 2118 908 2179 socium
923 2116 1168 2194 Atheniensium,
1182 2117 1212 2177 in

229 2223 360 2283 regnum
383 2203 533 2280 restituit;
557 2202 673 2263 bellum
687 2203 746 2284 ipsi
761 2223 881 2283 quoqne
896 2199 1001 2283 Cotyi,
1028 2202 1122 2264 alteri
1147 2201 1212 2282 regi

230 2289 397 2362 Thracum,
420 2287 540 2364 intulit,
563 2291 669 2368 postea
690 2292 793 2350 tamen
806 2307 881 2369 pace
895 2289 977 2350 faeta
990 2291 1098 2350 contra
1112 2288 1211 2351 Milto

187 2395 192 2402 ·
230 2373 361 2454 cythem,
377 2373 531 2435 aemulum
545 2374 649 2452 regni,
673 2375 792 2436 adiuvit
813 2374 938 2453 eiusque
951 2373 1047 2434 filiam
1062 2373 1097 2434 in
1111 2373 1212 2436 matri-

164 2454 207 2520 25
229 2457 364 2521 monium
385 2458 481 2519 duxit.
528 2456 605 2521 Cum
625 2458 816 2522 Artaxerxes
831 2459 987 2541 Aegyptio
1008 2459 1078 2539 regi
1099 2460 1212 2521 bellum

229 2545 343 2607 inferre
364 2544 474 2620 vellet,
496 2544 682 2625 Iphicratem
701 2547 740 2606 ab
755 2544 993 2607 Atheniensibus
1015 2545 1127 2607 ducem
1141 2544 1215 2626 peti·

228 2632 284 2708 rit,
299 2650 389 2710 quem
405 2629 583 2710 praeficeret
596 2631 746 2692 exercitui
756 2631 953 2707 conducticio,
969 2629 1057 2691 euius
1067 2648 1212 2693 numerus

229 2718 389 2781 duodecim
404 2716 523 2778 milium
537 2716 602 2777 fuit.
642 2716 743 2787 Quem
757 2717 881 2796 quidem
895 2717 940 2777 sic
954 2716 1037 2778 omni
1052 2717 1213 2799 disciplina

229 2804 355 2868 militari
375 2803 523 2880 erudivit,
544 2806 579 2864 ut
598 2801 824 2883 Iphicratenses
838 2802 958 2882 {milltes
980 2802 1063 2882 apud
1079 2799 1214 2866 Graecos

164 2884 207 2947 30
228 2890 261 2949 in
276 2910 395 2952 summa
409 2890 501 2951 laude
515 2889 636 2951 fuerint.
669 2886 730 2949 Sed
746 2908 815 2949 cum
830 2888 1001 2950 discordiae
1015 2889 1098 2950 inter
1112 2889 1211 2971 ipsum

230 2977 261 3033 et
274 2974 520 3051 Pharnabazum,
533 2974 619 3055 regis
634 2975 797 3055 satrapam,
820 2977 946 3036 exortae
960 2977 1063 3036 essent
1077 2978 1112 3035 et
1125 2992 1210 3036 exer·

230 3057 308 3119 citus
334 3058 498 3121 Persarum
531 3060 727 3122 inundatione
751 3059 817 3122 Nili
853 3064 934 3122 totus
970 3060 1035 3121 fere
1060 3060 1210 3140 periisset,

229 3143 353 3204 domum
373 3144 472 3205 rediit.
518 3146 636 3208 Deinde
656 3164 726 3206 cum
748 3146 924 3207 'PImotheus
944 3144 1025 3225 apud
1046 3144 1212 3226 Corcyram

228 3248 279 3290 res
294 3230 375 3290 male
388 3233 523 3307 gereret,
547 3230 717 3311 Iphicrates
733 3237 837 3294 auctor
851 3232 924 3308 fuit,
938 3236 974 3292 ut
987 3231 1151 3312 imperium
1164 3228 1211 3292 illi

164 3312 208 3377 35
229 3315 429 3395 abrogaretur
444 3317 556 3396 etipse
570 3317 601 3377 in
616 3317 682 3378 eius
696 3317 799 3379 locum
813 3316 1011 3378 sufficeretur.

163 3401 210 3461 IV
319 3400 444 3464 Summa
463 3401 614 3462 industria
633 3403 734 3464 omnia
748 3404 946 3484 comparavit,
960 3406 996 3463 ut
1010 3421 1105 3481 quam
1117 3401 1211 3464 celer·

230 3487 308 3550 rime
328 3507 363 3550 ec
383 3486 559 3568 perveniret
578 3489 609 3547 et
624 3484 819 3570 Corcyraeis,
841 3488 1044 3570 aMnasippo,
1060 3486 1210 3566 Lbeedae

229 3574 400 3637 moniorum
424 3572 515 3649 duce,
542 3572 679 3653 graviter
704 3576 825 3638 vexatis
851 3575 966 3638 auxilio
991 3572 1150 4018 venir(
1165 3571 1210 3635 Ac
