2504 4080
395 216 437 278 X.
460 214 704 281 tamnus
999 216 1041 280 63

57 387 287 470 Epaminondas
299 387 416 464 cecidit,
433 388 569 450 Thebani
579 388 712 450 victores
724 390 937 452 discesserunt.
960 387 1043 451 Pace

57 476 140 536 facta
153 473 295 537 Messene
310 474 536 536 contradicente
551 473 699 554 Agesilao
713 476 855 537 restituta
869 477 924 536 est

144 559 247 639 Atque
263 559 313 621 hic
327 562 430 621 tantus
446 560 495 621 uir
509 563 544 621 ut
557 564 698 623 naturam
712 560 870 623 fautricem
892 560 1042 635 habuerat
1064 557 1119 621 XI

57 646 90 706 in
109 645 279 707 tribuendis
300 645 395 707 animi
416 646 597 722 uirtutibus,
618 646 663 707 sio
686 646 856 708 maleficam
871 654 979 708 nactus
993 649 1041 707 est

57 732 91 793 in
112 749 236 811 corpore
255 730 405 810 fingendo.
449 731 530 793 Nam
551 734 582 793 et
604 735 721 794 statura
734 732 793 793 fuit
807 732 915 793 humili
930 736 962 793 et
976 750 1040 793 cor·
1083 727 1108 792 5

57 835 132 897 pore
152 816 264 895 exiguo
286 823 326 891 et,
348 820 383 877 ut
398 816 547 893 diximus,
568 818 694 879 cmudus
709 820 805 880 altero
820 819 906 900 peda.
952 816 1040 886 Quas

57 922 108 963 res
122 902 214 963 etiam
228 902 404 964 nonnullam
420 901 565 964 afferebat
579 903 811 980 deformitatem,
827 907 918 984 atque
932 903 1040 982 ignoti,

57 987 168 1049 faciem
182 988 250 1049 eius
264 1006 333 1049 cum
346 987 553 1064 intuebantur,
574 992 816 1051 contemnebant.
861 989 924 1060 Qui
939 992 1041 1048 autem

56 1075 188 1135 virtutes
202 1077 360 1148 nouerant,
376 1093 436 1135 non
451 1077 592 1153 poterant
611 1076 756 1137 admirari
777 1077 860 1137 satis.
905 1073 1040 1144 Quodsi

57 1179 117 1219 usu
142 1159 242 1235 venit,
270 1177 338 1220 cum
365 1179 512 1221 annorum
542 1162 697 1240 octoginta
722 1163 857 1224 subsidio
884 1161 984 1223 Tacho
1008 1160 1040 1220 in
1065 1154 1109 1218 10

56 1244 238 1326 Aegyptum
260 1244 349 1320 isset;
373 1245 401 1305 is
423 1245 503 1307 enim
526 1251 631 1308 contra
651 1267 756 1326 regem
777 1247 941 1310 Persarum
962 1246 1041 1307 sedi·

58 1331 172 1392 tionem
188 1335 335 1392 moverat.
379 1331 544 1410 Agesilaus
565 1337 668 1394 autem
690 1353 757 1395 eam
772 1335 961 1396 occasionem
976 1333 1041 1393 avi·

56 1416 183 1477 dissime
213 1416 374 1496 amplexus
399 1421 458 1491 est;
488 1437 558 1478 nam
592 1418 783 1480 intolerabile
814 1420 843 1479 ei
868 1418 1040 1493 uidebatur,

59 1501 195 1582 quietum
217 1502 299 1564 domi
319 1520 443 1564 manere
464 1503 567 1583 ibique
587 1504 722 1564 desidem
746 1507 874 1565 mortem
899 1502 1040 1583 opperiri.

56 1586 167 1667 Itaque
186 1605 255 1647 cum
277 1587 309 1647 in
323 1587 502 1668 Aegyptum
525 1589 731 1669 peruenisset,
755 1589 798 1650 ibi
821 1590 853 1649 in
867 1588 958 1648 litore
973 1606 1041 1647 curn
1065 1579 1108 1644 15

58 1673 123 1732 suis
144 1672 286 1734 accubuit
307 1673 373 1734 siue
393 1674 456 1735 ullo
477 1677 557 1734 tecto
578 1677 768 1755 stratumque
789 1674 896 1736 habuit
910 1673 984 1748 tale,
1008 1675 1042 1733 ut

57 1763 143 1820 terra
156 1759 332 1819 stramentis
344 1761 425 1819 tecta
437 1765 518 1820 esset
526 1779 625 1839 neque
636 1761 695 1821 huc
706 1762 838 1842 amplius
849 1779 940 1840 quam
952 1759 1042 1839 pellis

58 1847 141 1904 esset
150 1845 270 1920 iniecta,
282 1844 448 1924 eodemque
459 1846 583 1906 comites
596 1866 700 1908 omues
712 1847 917 1907 accubuerunt
929 1845 1042 1905 vestitu

56 1930 167 1992 humili
182 1919 274 2008 atq'ue
290 1931 436 2006 obsoleto,
457 1936 611 1993 uteorum
627 1935 751 1992 ornatus
767 1951 827 1993 non
842 1931 931 1992 modo
947 1930 979 1989 in
993 1929 1042 1989 his

56 2035 165 2094 regem
178 2015 330 2076 neminem
346 2016 540 2094 significaret,
558 2018 612 2078 sed
627 2018 764 2078 homines
778 2036 839 2078 non
850 2015 1041 2077 beatissimos
1063 2006 1110 2071 20

56 2121 125 2163 esse
141 2101 345 2182 suspicionem
360 2103 528 2182 praeberet.
572 2102 674 2163 Huius
690 2104 729 2164 de
750 2104 885 2164 aduentu
906 2102 987 2162 fama
1001 2100 1042 2160 ad

56 2188 160 2265 regios
182 2206 251 2249 oum
272 2190 354 2248 esset
374 2189 508 2268 perlata,
531 2189 671 2250 celeriter
691 2207 819 2250 munera
840 2208 876 2249 eo
896 2187 1042 2266 cuiusque

56 2273 180 2354 generis
195 2275 266 2333 sunt
280 2273 382 2333 missa.
423 2274 467 2334 Iis
482 2275 534 2353 qui
549 2276 716 2336 attulerant
730 2272 945 2355 quaerentibus
959 2271 1042 2352 Age·

57 2359 173 2419 silaum
196 2360 252 2419 uix
278 2359 354 2420 fides
379 2362 426 2420 est
448 2361 528 2422 facta
549 2379 643 2422 unum
664 2380 732 2421 esse
752 2380 793 2422 ex
814 2361 874 2435 his,
903 2358 954 2439 qui
975 2360 1041 2418 tum

56 2444 260 2518 accubabant;
282 2445 354 2524 quin
376 2446 468 2506 etiam
483 2447 644 2509 nonnullos
664 2447 759 2509 libido
774 2446 900 2507 incessit
920 2443 1042 2504 ridendi
1063 2432 1108 2498 25

57 2532 91 2592 et
105 2549 175 2590 eum
196 2529 371 2606 cavillandi,
395 2531 595 2611 dixeruntque
617 2551 685 2592 esse
704 2532 796 2606 illud,
820 2531 899 2612 quod
921 2530 952 2590 in
973 2548 1041 2610 pro·

56 2615 200 2676 uerbium
214 2615 365 2691 cessisset,
381 2620 499 2677 montes
513 2618 667 2698 parturire
682 2621 713 2679 et
726 2618 812 2679 nasci
825 2635 952 2678 murem.

143 2701 174 2762 A
195 2721 269 2780 rege
288 2701 375 2763 missi
397 2722 465 2763 oum
485 2703 551 2763 eius
565 2704 669 2764 uerbis
696 2722 772 2783 quae
796 2701 963 2763 attulerant
988 2698 1039 2759 de·
1062 2690 1129 2753 XII

55 2787 182 2863 dissent,
197 2788 251 2848 ille
264 2790 387 2869 praeter
401 2788 562 2849 vitulinam
573 2794 604 2849 et
620 2789 769 2850 eiusmodi
785 2805 900 2866 genera
915 2783 1041 2859 obsonii,

56 2893 136 2953 quae
145 2892 290 2955 praesens
301 2876 421 2954 tempus
429 2874 631 2949 desiderabat,
644 2873 720 2935 nihil
731 2873 862 2954 accepit;
875 2874 1040 2952 unguenta,
1064 2861 1109 2926 30

56 2978 195 3037 coronas,
210 2960 373 3022 secundam
386 2979 521 3022 mensam
534 2960 632 3021 servis
643 2960 804 3040 dispertiit,
822 2962 923 3020 cetera
934 2956 1043 3018 referri

55 3043 156 3108 iussit
179 3045 248 3115 Quo
258 3046 339 3107 lacto
351 3065 420 3107 eum
432 3047 553 3109 barbari
564 3046 663 3126 magis
679 3047 771 3108 etiarn
787 3046 1042 3125 contempserunt,

56 3132 108 3211 qui
138 3148 208 3193 eum
238 3132 412 3211 ignorantia
446 3133 594 3194 bonarum
630 3152 731 3194 rerum
768 3132 822 3193 illa
852 3130 1042 3212 potissimum

55 3218 224 3299 sumpsisse
250 3218 485 3280 arbitrabantur.
531 3216 608 3280 uum
624 3218 760 3280 Tachum
776 3217 982 3291 convenisset,
1005 3215 1043 3275 ab

54 3301 110 3365 illo
132 3305 178 3380 id,
207 3304 287 3384 quod
308 3308 501 3384 speraverat,
526 3325 663 3366 summus
691 3305 753 3365 dux
774 3305 868 3366 totius
891 3300 1044 3365 exercitus
1065 3289 1111 3354 35

54 3389 155 3452 fautus
168 3410 230 3452 non
245 3393 300 3465 est,
326 3391 380 3451 sed
395 3393 513 3453 tantum
528 3391 726 3452 mercenariis
742 3391 929 3471 praefectus,
951 3383 1043 3446 classi

55 3495 132 3538 vero
147 3474 294 3539 Chabrias
309 3476 516 3538 Atheniensis.
562 3475 652 3548 Quod
675 3496 743 3538 cum
763 3475 930 3556 Agesilaus
951 3488 1045 3550 aegre

56 3561 166 3640 ferret,
197 3566 367 3645 opportune
392 3563 421 3623 ci
448 3562 573 3639 accidit,
604 3568 640 3624 ut
665 3561 866 3637 Nectanabis,
897 3556 1045 3640 patruelis
