2542 4088
227 247 269 315 76
508 249 585 312 XII.
607 247 921 312 EPAMINONDAS.

150 421 202 487 XI
311 418 390 483 cum
409 421 521 482 iterum
541 440 620 483 anno
641 423 711 502 post
733 420 901 482 exereitum
915 419 948 480 in
963 419 1212 501 Peloponnesum

225 508 379 582 duxisset,
402 507 634 570 Laoedaemonii
655 505 836 587 aDionysio
857 517 988 588 tyranno
1003 505 1101 567 adiuti
1123 510 1212 582 sunt,

225 592 452 674 Epaminondas
474 612 508 654 re
536 593 616 654 male
636 595 725 672 gesta
745 591 783 653 ah
809 592 937 673 imperio
961 595 1122 654 revocatus
1148 596 1212 668 est;

226 679 363 741 eiusdem
378 681 481 739 tamen
497 698 590 759 opera
604 679 694 759 paulo
715 681 785 758 post
798 678 847 739 usi
865 682 943 752 sunt,
961 697 1031 739 eum
1045 676 1211 758 Pelopidas

182 762 203 827 5
225 767 264 828 ab
278 764 456 827 Alexandro
467 763 604 826 Pheraeo
619 763 752 824 uinculis
765 765 929 825 teneretur.
953 761 1072 833 Quater
1086 763 1212 827 omnino

226 851 258 912 in
272 850 517 931 Peloponnesum
531 849 671 924 incurrit3
693 867 822 929 eumque
838 852 980 929 quartum
994 849 1213 929 ingrederetur

226 937 266 998 ad
288 937 439 997 auxilium
463 936 553 996 sooiis
575 935 749 1010 serendum,
773 933 916 1016 Spartam
929 935 1028 1017 ipsam
1042 954 1212 1016 aggressus

226 1027 275 1082 est
298 1026 330 1083 et
355 1040 453 1100 nsque
477 1021 510 1082 in
533 1021 634 1082 forum
661 1021 842 1101 penetravit.
894 1021 972 1082 Inde
997 1021 1035 1082 ab
1061 1020 1212 1100 Agesilao

223 1108 365 1188 repulsus
388 1108 428 1167 ad
448 1105 635 1168 Mantineam
661 1106 810 1180 consedit,
837 1126 896 1185 quo
922 1107 1026 1168 statim
1046 1106 1149 1168 hostes
1164 1106 1211 1167 in·

162 1191 204 1258 10
226 1193 323 1253 secuti
343 1195 421 1254 sunt.
470 1192 519 1254 Ibi
546 1211 615 1253 oum
635 1193 700 1253 aoie
724 1192 875 1254 instructa
899 1191 1043 1253 audacius
1069 1191 1212 1254 hostibus

226 1277 363 1353 instaret,
380 1277 521 1356 cognitus
537 1282 584 1339 est
599 1297 617 1339 a
632 1277 894 1353 Lacedaemoniis,
910 1279 962 1357 qni
977 1278 1058 1358 quod
1071 1277 1103 1339 in
1119 1277 1212 1339 nnius

225 1362 360 1443 pernioie
375 1363 493 1444 patriae
504 1365 635 1425 salutem
649 1364 741 1426 sitam
751 1364 907 1445 putabant,
923 1362 1059 1424 universi
1070 1363 1102 1424 in
1113 1370 1211 1425 unum'

225 1448 375 1529 impetum
388 1449 527 1533 feoeumt
541 1469 639 1529 neque
653 1450 738 1530 prius
754 1449 975 1524 abscesserunt,
991 1468 1082 1528 quam
1096 1466 1213 1530 magna

227 1535 321 1596 oaedo
334 1536 416 1596 faeta
430 1536 596 1615 multisque
611 1535 718 1596 oeoisis
733 1534 978 1615 Epaminondam
992 1534 1092 1615 ipsum
1107 1533 1212 1596 fortis·

164 1620 206 1685 15
226 1620 304 1681 sime
318 1625 506 1701 pugnantem
521 1639 610 1701 epam
625 1621 743 1681 eminus
758 1640 936 1701 percussum
951 1620 1111 1682 concidere
1124 1619 1211 1681 ride-

226 1709 306 1766 runt.
330 1704 431 1765 Huius
446 1723 520 1766 oasu
534 1706 723 1784 aliquantum
736 1706 883 1768 retardati
898 1709 970 1766 sunt
981 1704 1100 1767 Boeotii
1111 1724 1213 1785 neque

226 1794 330 1851 tamen
351 1790 437 1871 prius
450 1809 555 1870 pugna
577 1795 786 1867 exoessenmt,
809 1810 900 1870 quam
919 1795 1127 1871 repugnantes
1142 1809 1212 1871 pro-

227 1875 381 1956 fligarunt.
426 1874 717 1958 hispanienses
738 1878 770 1937 in
790 1878 1021 1939 tabernaculum
1042 1876 1125 1939 latus
1140 1895 1212 1939 oum

227 1962 501 2038 animadvertisset,
525 1962 714 2024 mortiferum
728 1963 840 2023 vulnus
861 1983 896 2025 se
917 1962 1084 2043 accepisse,
1102 1961 1212 2026 simul·

160 2043 205 2111 20
228 2067 286 2126 que
309 2048 335 2108 si
355 2048 485 2125 serrum,
510 2049 592 2128 quod
613 2067 654 2109 ex
675 2048 779 2110 hastili
803 2048 836 2109 in
860 2067 985 2128 eorpore
1010 2050 1211 2123 remanserat,

225 2134 420 2208 extraxisset,
432 2133 677 2196 animumstatim
688 2133 880 2209 emissurum,
893 2133 1052 2214 quaesiuit,
1064 2133 1213 2197 salvusne

227 2223 310 2279 esset
324 2219 448 2298 clipeus.
474 2217 551 2295 Cum
566 2220 689 2280 salvum
703 2237 772 2281 esse
785 2220 893 2281 flentes
908 2219 956 2280 sui
971 2218 1213 2301 respondissent,

226 2302 350 2381 rogavit
363 2307 505 2364 essentne
519 2304 580 2365 fusi
593 2305 704 2367 hostes.
750 2302 827 2366 Cum
842 2305 875 2365 id
893 2324 1027 2385 quoque,
1048 2309 1084 2366 ut
1107 2303 1212 2386 eupiu-

226 2390 293 2462 hat,
321 2388 497 2463 audivisset,
526 2390 619 2450 evelli
643 2390 733 2451 iussit
765 2409 834 2451 eam
865 2409 925 2470 qua
950 2390 1117 2453 transfixus
1142 2391 1213 2455 erat

161 2471 205 2537 25
227 2472 360 2554 hastam3
379 2473 423 2534 ita
444 2473 541 2536 multo
554 2474 704 2556 sanguine
718 2476 842 2556 profuso
856 2475 889 2537 in
902 2476 1021 2538 laetitia
1034 2478 1067 2536 et
1079 2475 1211 2539 viatoria

227 2560 275 2620 est
288 2562 434 2620 mortuus.

40 2685 42 2688 <
139 2642 210 2706 XII
310 2643 494 2724 Priusquam
509 2647 682 2706 extremum
697 2645 826 2707 halitum
847 2647 979 2723 efflaret,
1004 2665 1074 2708 oum
1089 2644 1215 2707 audiret

228 2730 305 2793 duos
330 2734 451 2812 praeter
476 2750 510 2791 se
537 2729 613 2792 alios
639 2732 732 2793 duoes
754 2732 1032 2813 praestantissimos
1051 2731 1209 2806 cecidisse,

227 2816 379 2878 Thebanis
401 2817 510 2889 suasit,
531 2819 565 2877 nt
585 2836 692 2897 paoem
714 2836 784 2878 oum
798 2817 1045 2880 Lacedaemoniis
1064 2818 1213 2880 facerent.

162 2897 205 2962 30
225 2898 346 2962 Deinde
359 2902 435 2964 haeo
450 2902 606 2964 addidisse
620 2903 740 2964 dieitur.
773 2901 854 2965 Non
868 2903 975 2979 finis,
991 2904 1098 2984 inquit,
1116 2921 1211 2965 oom-

146 3002 147 3006 ¹
227 2986 438 3063 militones,
465 2989 573 3051 vitae
595 3007 713 3067 meae,
741 2988 805 3049 sed
831 2989 969 3050 melius
994 3001 1031 3051 et
1055 2987 1213 3051 auotius

227 3070 382 3132 initium
397 3073 563 3135 advenit.
596 3073 706 3137 Nune
721 3074 820 3136 enim
835 3077 968 3136 vester
982 3072 1212 3156 Epaminon·

226 3156 297 3216 das
326 3157 514 3235 nascitur,
550 3160 725 3239 quoniam
758 3159 813 3221 sio
840 3156 1014 3222 moritur.
1059 3159 1212 3222 Phehas

227 3241 442 3305 duotnmeo
464 3247 503 3306 et
530 3245 708 3325 auspieio
735 3243 1058 3327 oaputGraeeiee
1082 3247 1213 3307 saetas

159 3325 205 3392 35
226 3327 360 3404 video,
387 3332 423 3391 et
447 3331 569 3392 sortis
593 3333 631 3392 et
654 3330 828 3394 animosa
849 3331 997 3393 civitas
1019 3330 1211 3397 Laoedae·

225 3414 440 3476 moniorum
454 3417 574 3492 iaoet,
592 3416 711 3477 armis
725 3417 1050 3480 nostrisabieota.
1071 3415 1214 3479 Amara

225 3500 497 3564 dominatione
512 3498 946 3565 Graeoialiberataest.
981 3500 1104 3565 Orbus
1119 3520 1212 3584 quo·

225 3604 313 3664 que,
337 3605 411 3647 non
434 3589 562 3647 tamen
584 3585 826 3649 sineliboris
851 3588 1006 3665 morior,
1033 3589 1212 3667 quonlam
