2504 4080
443 233 480 293 V.
504 230 647 295 CIMON.
993 232 1037 298 38

42 405 281 487 expugnandae
303 404 448 467 omisisse.
493 401 555 465 Sed
577 405 667 466 facile
692 404 771 466 hanc
797 404 1039 473 criminationem

49 492 151 555 diluit.
191 489 269 554 Cum
286 491 376 572 paulo
391 492 461 572 post
475 489 708 552 Lacedaemonii
723 490 803 552 bello
817 491 909 570 gravi
923 492 1038 555 Messe·

51 579 174 639 niorum
187 580 406 658 premerentur,
423 574 529 639 Cimon
546 574 667 637 Pericle
686 576 912 638 contradicente
926 578 1038 659 populo

54 666 165 725 auctor
178 662 243 738 fuit,
259 667 294 723 nt
307 662 370 723 illis
381 661 496 724 auxilia
509 662 711 723 mitterentur.
734 659 796 723 Sed
808 661 1040 725 Lacedaemonii

52 747 149 809 fidem
176 746 409 808 Atheniensium
438 751 612 828 suspectam
641 766 710 807 cum
739 746 900 823 haberent,
936 746 1082 830 copiast)

55 852 163 894 eorum
179 851 421 914 supervacaneas
436 852 503 894 esee
519 833 697 895 simulantes
719 833 834 895 abello
849 832 1038 895 dimiserunt.

53 917 146 981 Hanc
154 938 220 979 rem
233 918 437 980 Athenienses
448 919 586 997 graviter
597 919 729 980 ferentes
741 918 889 981 invidiam
899 920 932 980 in
940 916 1040 981 (limo-

52 1024 137 1079 nem,
146 1004 354 1084 expeditionis
361 1007 524 1080 auctorem,
537 1005 705 1079 verterunt,
716 1025 807 1083 quem
818 1007 977 1087 praeterea
987 1005 1039 1066 ad-

54 1090 227 1152 versarium
241 1090 361 1170 imperii
372 1089 527 1171 popularis
541 1110 609 1151 esse
620 1091 743 1167 scirent,
758 1090 802 1153 ita
812 1095 848 1153 ut
858 1092 1040 1153 testularum

52 1174 210 1255 suffragiis
226 1175 332 1245 decern
346 1194 494 1236 annorum
516 1176 609 1238 exilio
625 1177 816 1238 multaretur.
856 1173 953 1238 Cuius
967 1175 1040 1238 facti
1064 1174 1104 1237 lo

54 1261 188 1321 celerius
202 1259 420 1335 Athenienses,
444 1280 535 1341 quam
557 1262 658 1343 ipsum
672 1263 830 1342 poenituit.
873 1262 1040 1325 Nemeum

54 1346 110 1406 ille
134 1345 206 1407 forti
232 1346 333 1407 animo
362 1347 497 1407 invidiae
528 1348 719 1428 ingratorum
745 1348 859 1408 civium
886 1349 1038 1422 cessisset,

54 1431 139 1492 hello
153 1432 234 1492 inter
247 1431 503 1494 Lacedaemonios
523 1437 554 1493 et
568 1432 771 1492 Athenienses
794 1436 919 1512 propter
933 1452 1039 1513 perpe·

54 1519 127 1578 tuas
142 1517 313 1579 simultates
329 1521 394 1579 orto
416 1537 579 1598 pugnaque
602 1519 642 1578 ad
657 1517 828 1596 Tanagram
851 1519 945 1592 facta,
970 1537 1039 1579 con-

55 1603 161 1663 festim
185 1605 275 1664 notae
301 1603 367 1663 eius
397 1604 523 1664 virtutis
550 1602 734 1663 desiderium
759 1603 957 1663 subsecutum
983 1608 1038 1664 est.
1063 1600 1104 1664 15

55 1687 167 1769 Itaque
192 1692 262 1769 post
287 1707 399 1749 annum
426 1689 569 1768 quintnn,
605 1707 696 1768 quam
721 1689 869 1769 expulsus
894 1692 975 1764 erat,
1008 1689 1041 1751 in

55 1775 190 1854 patriam
204 1777 364 1836 revocatus
379 1781 434 1835 est.

143 1859 300 1921 Reversus
311 1859 388 1921 nihil
399 1859 552 1940 antiquius
563 1859 678 1934 habuit,
695 1878 786 1938 quam
796 1861 832 1919 ut
842 1878 949 1939 pacem
959 1859 1040 1919 inter
1062 1858 1091 1918 V

53 1945 134 2007 duas
148 1945 374 2025 potentissimas
389 1942 536 2008 Graeciae
551 1945 692 2006 civitates
711 1945 939 2017 reconciliarem
960 1943 1041 2024 quod

56 2031 158 2092 tribus
173 2031 259 2093 annis
274 2035 344 2112 post
358 2030 485 2091 indutiis
500 2031 532 2090 in
547 2030 786 2111 quinquennium
801 2029 886 2090 initis
901 2030 1038 2109 perfecit.
1063 2027 1105 2090 20

55 2116 177 2179 Deinde
190 2116 430 2179 Atheniensibus
444 2117 609 2197 persuasit,
632 2119 668 2176 ut
689 2117 819 2177 classem
841 2116 1041 2177 ducentarum

55 2202 183 2265 narium
200 2200 338 2283 Cyprum
352 2203 523 2278 mitterent,
547 2221 638 2282 quam
652 2202 783 2265 insulam
799 2201 922 2263 barbari
936 2220 1042 2263 rursus
1108 2211 1109 2214 ’

57 2292 291 2368 occupaverant.
321 2285 399 2349 Oum
415 2285 529 2349 (litium
543 2288 688 2369 oppidum
703 2307 880 2369 oppugnare
893 2287 1041 2351 instituis·

58 2375 124 2448 set,
147 2374 236 2436 brevi
256 2376 325 2454 post
344 2374 377 2435 in
398 2375 538 2436 morbum
552 2374 719 2456 implicitus
740 2377 878 2435 mortuus
899 2379 961 2448 est,
985 2392 1043 2453 quo

57 2459 141 2523 fecte
166 2457 370 2521 Athenienses
395 2459 488 2520 simul
518 2460 622 2541 inopie
653 2463 840 2522 commeatus
866 2459 965 2540 pressi
991 2479 1043 2540 op·
1066 2454 1108 2517 25

58 2545 248 2627 pugnatione
256 2545 405 2607 desistere
414 2547 446 2606 et
457 2544 580 2608 domum
591 2546 706 2607 reverti
718 2545 814 2607 coacti
826 2550 904 2607 sunt.
922 2542 1000 2606 Cum
1010 2547 1043 2605 iu

58 2631 124 2697 alto
146 2631 224 2693 mari
245 2651 263 2692 e
282 2630 409 2711 regione
429 2629 592 2693 Salaminis
614 2631 699 2691 urbis
721 2638 823 2692 essent
829 2677 837 2706 ,
860 2631 892 2691 in
915 2629 1044 2691 classem

52 2715 227 2779 Persarum
240 2716 422 2792 inciderunt,
438 2736 529 2797 quam
544 2717 685 2795 aggressi
707 2734 821 2795 magna
835 2715 922 2777 clade
937 2713 1043 2776 affece

54 2805 142 2863 runt.
179 2799 285 2863 ¹Simul
304 2803 409 2883 eopiae
430 2805 591 2863 terrestres
613 2799 855 2876 Atheniensium,
879 2817 956 2880 quae
971 2819 1044 2861 ncn-

59 2888 241 2951 damnares
252 2889 500 2964 conscenderant,
512 2890 550 2949 ab
561 2887 700 2948 exercitu
710 2886 874 2948 Persarum
885 2885 1046 2948 victoriam
1067 2883 1109 2947 30

57 2976 304 3055 reportaverunt.
347 2973 408 3035 His
431 2975 524 3036 rebus
550 2974 664 3035 factum
691 2977 753 3049 est,
779 2975 814 3034 ut
838 2992 893 3054 per
919 2973 1046 3052 longum

56 3059 211 3141 temporie
226 3059 360 3142 spatium
373 3059 488 3121 Persae
502 3080 563 3123 non
583 3060 744 3133 auderent,
766 3077 861 3121 naves
883 3060 992 3138 longas
1013 3059 1046 3119 in

60 3145 240 3209 illudmare
251 3145 385 3209 mittere.
410 3142 489 3208 Ossa
500 3143 635 3207 (limonia
646 3144 785 3207 Athenae
799 3145 950 3207 sensata
964 3149 1044 3208 sunt.

150 3230 242 3293 Hunc
256 3230 460 3294 Athenienses
473 3233 649 3295 nouaclum
663 3232 695 3295 in
710 3231 804 3307 bello,
828 3231 884 3293 sed
905 3231 998 3293 etiam
1012 3231 1044 3291 in
1066 3226 1112 3286 VI

62 3334 140 3399 pace
160 3317 214 3378 diu
233 3317 494 3379 desideraverunt.
550 3318 624 3379 Fuit
641 3318 723 3378 enim
746 3320 832 3379 tanta
852 3316 1045 3388 liberalitate,
1068 3310 1111 3373 35

63 3405 184 3465 etcum
198 3403 405 3484 compluribus
419 3403 495 3466 loeis
505 3404 632 3484 praedia
643 3404 809 3484 hortosque
819 3404 955 3477 haberet,
970 3419 1046 3460 nun·

62 3507 157 3569 qaam
178 3489 211 3551 in
231 3489 272 3551 iis
290 3489 449 3553 custodem
463 3489 634 3571 imponeret
646 3491 765 3551 fructus
778 3488 923 3551 servandi
936 3485 1046 3564 gratie,

59 3575 191 3654 nequis
202 3575 411 3657 impediretur,
427 3577 588 3656 quominus
602 3576 640 3637 iis
660 3576 766 3651 rebus,
788 3574 898 3654 quibus
918 3571 1047 3652 quisque

117 3692 221 3734 meatu
232 3695 304 3742 nesea
857 3724 860 3729 ,
891 3679 906 3726 8
