2504 4080
426 156 486 270 xi.
510 205 753 270 nnnonmls.
1041 204 1086 270 se

96 382 275 443 simultates
290 379 481 454 exercebant,
499 379 610 459 quippe
625 380 676 458 qui
691 382 760 460 post
771 379 887 441 bellum
897 378 1086 459 Peloponne-

101 468 183 529 sium
208 466 267 528 soli
292 466 352 526 sibi
376 464 519 525 resistere
541 464 689 526 auderent
711 467 742 526 et
762 465 878 527 ballum
895 461 1087 527 Corinthium

100 553 284 626 movissent3
306 552 409 630 itaque
430 550 507 610 nihil
528 550 807 631 praetermiserunt,
823 553 897 631 quin
910 551 948 612 iis
963 551 1087 632 negotia

98 640 281 700 exhiberent
296 635 476 718 praesertim
492 655 563 697 cum
582 635 695 696 Thebis
707 637 842 699 Ismenia
856 640 888 697 et
898 636 1086 699 Androclide

99 723 233 785 ducibus
247 722 409 804 imperinm
423 721 571 802 populare
584 722 783 782 constitutum
794 726 885 796 esset,
902 723 982 801 quod
993 722 1085 787 Lace
1107 722 1130 788 5

100 808 255 871 daemonii
268 809 450 886 ubicumque
464 811 605 887 poterant
620 808 791 889 opprimere
806 808 977 869 studebant.

191 892 359 975 Olynthus,
381 894 454 953 urbs
475 894 507 952 in
527 912 581 954 cra
599 891 798 955 Macedoniae
820 892 892 970 sita,
914 896 1085 956 mercatura
1106 897 1142 960 II

101 982 215 1044 florens
229 980 344 1042 maiora
358 978 521 1059 appetebat
535 985 566 1039 ot
586 979 699 1059 oppida
719 979 849 1040 finitima
869 981 1027 1058 coegerat,
1050 982 1086 1040 ut

102 1085 210 1128 secum
223 1066 401 1128 societatem
416 1065 536 1140 inirent,
553 1065 639 1125 cuius
649 1065 717 1146 ipsa
728 1065 870 1146 princeps
880 1065 947 1127 suit.
970 1064 1088 1126 Eadem

101 1151 282 1232 Amyntam,
297 1149 496 1212 Macedoniae
511 1170 631 1229 regem,
654 1170 768 1229 magna
781 1156 868 1232 pa‘rte
883 1152 972 1232 regni
987 1150 1088 1231 priua-
1111 1149 1153 1217 10
1232 1156 1236 1161 '

102 1246 201 1299 verat.
245 1235 295 1298 Ab
310 1237 364 1298 illo
379 1239 410 1297 et
424 1235 584 1298 Acanthiis
595 1235 860 1318 Apolloniatisque
883 1238 916 1298 in
937 1237 1089 1299 auxilium

103 1323 248 1386 advocati
270 1321 518 1397 Lacedaemonii,
545 1325 580 1383 ut
606 1341 712 1402 pacem
738 1324 776 1384 ab
791 1322 955 1385 Antalcida
976 1325 1089 1385 factam

102 1413 277 1484 tuerentur,
297 1408 465 1469 identidem
481 1402 635 1469 exercitus
656 1429 691 1470 eo
713 1408 860 1470 miserant
880 1413 912 1469 ct
927 1406 1089 1488 Olynthios

103 1495 290 1557 devicerant.
335 1493 438 1574 Atque
452 1492 624 1556 Phoebidas
638 1493 896 1555 Lacedaemonius
917 1512 986 1554 cum
1002 1513 1089 1553 exer-

104 1581 200 1643 citum
221 1580 296 1641 illuc
317 1579 442 1641 duceret
467 1580 585 1659 iterque
610 1599 666 1659 per
688 1578 809 1640 Thebas
832 1580 960 1654 faceret,
987 1597 1089 1640 arcem
1113 1576 1154 1642 15

102 1666 225 1753 oppidi,
259 1685 337 1745 quae
373 1663 507 1726 Cadmea
541 1666 727 1741 nominatur,
765 1664 928 1745 occupavit
956 1665 1090 1746 impulsu

104 1770 271 1833 paucorum
286 1751 507 1826 Thebanorum,
523 1752 575 1831 qui
590 1751 784 1813 adversariae
798 1751 879 1832 parti
894 1771 953 1831 quo
969 1751 1090 1812 facilins

104 1839 297 1912 resisterent,
319 1837 474 1898 Laconum
489 1838 579 1898 rebus
594 1837 765 1911 studebant,
788 1837 820 1898 in
836 1837 945 1917 quibus
959 1837 1090 1898 Archias

103 1931 138 1985 et
152 1923 334 1985 Leontiades
350 1926 448 1998 erant;
470 1922 562 2002 idque
577 1943 631 1984 suo
646 1923 782 2003 privato,
805 1942 867 1984 non
881 1922 1003 2003 publico
1018 1922 1090 1982 iecit

104 2008 242 2071 consilio.
274 2008 342 2079 Quo
357 2008 436 2070 facto
452 2027 522 2069 eum
537 2008 772 2071 Lacedaemonii
786 2009 823 2068 ab
840 2008 978 2069 exercitu
993 2027 1090 2070 remo·
1112 2005 1156 2071 20

106 2100 218 2157 verimt
246 2094 436 2175 pecuniaque
466 2095 636 2156 multarunt
660 2114 760 2173 neque
792 2113 827 2155 eo
858 2093 958 2171 magis
989 2111 1092 2154 arcem

105 2179 260 2242 Thebanis
284 2180 497 2255 reddiderunt,
523 2181 604 2260 quod
630 2179 781 2260 susceptis
807 2177 975 2240 inimicitiis
995 2178 1091 2241 satius

104 2266 261 2328 ducebant
280 2285 332 2327 eos
354 2264 487 2327 obsideri
502 2285 594 2344 quam
608 2266 740 2328 liberari.
784 2264 852 2328 Hac
867 2269 969 2326 mente
984 2264 1091 2326 amicis

103 2353 172 2415 suis
197 2370 332 2413 summas
361 2352 528 2432 potestates
559 2349 707 2414 dederant
737 2351 925 2431 alteriusque
951 2350 1092 2412 factionis

104 2438 260 2520 principes
275 2437 386 2517 partim
400 2437 625 2517 interfecerant,
639 2437 716 2500 alios
730 2437 763 2498 in
773 2437 918 2498 exsilium
930 2437 1090 2512 eiecerant,
1113 2432 1156 2498 25

98 2525 140 2596 ¹in
160 2524 269 2603 quibus
283 2522 447 2603 Pelopidas
467 2522 532 2599 hic,
556 2524 595 2585 de
618 2543 677 2604 quo
699 2523 833 2585 scribere
853 2521 955 2585 exorsi
976 2543 1090 2597 sumus,

97 2609 215 2691 ‚pulsus
229 2609 330 2689 patria
344 2609 475 2670 carebat.

99 2761 103 2769 ,
193 2694 237 2755 Hi
248 2714 353 2756 omnes
363 2695 426 2756 fere
437 2691 576 2754 Athenas
587 2711 620 2752 se
632 2693 831 2768 contulerant,
843 2712 903 2754 non
915 2711 973 2770 quo
985 2711 1090 2771 seque·
1112 2691 1166 2754 III

99 2783 214 2843 ‚rentur
236 2780 347 2856 otium,
369 2781 424 2841 sed
446 2785 480 2839 ut
502 2799 593 2859 quem
615 2796 655 2838 ex
674 2778 815 2858 proximo
835 2777 936 2839 locum
956 2776 1019 2837 fors
1041 2777 1092 2838 ob·

107 2866 239 2942 tulisset,
255 2866 326 2926 inde
341 2866 472 2946 patriam
486 2883 667 2944 recuperare
683 2865 861 2924 niterentur.
900 2861 1010 2941 Itaque
1025 2880 1095 2945 cum
1116 2859 1160 2927 30

107 2955 230 3033 tempus
245 2955 292 3014 est
306 2951 407 3013 visum
421 2951 467 3012 rei
481 2950 651 3030 gerendae,
678 2948 879 3010 communiter
895 2967 964 3010 cum
979 2948 1026 3009 his
1042 2949 1094 3029 qui

105 3036 222 3099 ll'hebie
255 3037 338 3099 idem
370 3037 542 3099 sentiebant
575 3036 655 3096 diem
682 3035 864 3115 delegerunt
888 3035 928 3095 ad
954 3035 1094 3096 inimicos

105 3123 323 3203 opprimendos
346 3123 562 3203 civitatemque
576 3121 766 3184 liberandam
781 3141 864 3198 eum,
891 3140 949 3201 quo
965 3120 1093 3183 maximi

106 3209 308 3289 magistratus
330 3211 511 3271 consuerant
533 3229 594 3271 una
615 3207 744 3289 epulari.
786 3206 920 3288 Magnae
936 3227 1028 3288 saepe
1043 3226 1093 3267 res

107 3314 169 3356 non
182 3295 227 3358 ita
240 3294 361 3373 magnis
376 3295 471 3375 copiis
486 3298 557 3356 sunt
571 3299 692 3373 gestae3
707 3295 762 3354 sed
777 3295 912 3374 profecto
928 3311 1093 3372 numquam
1115 3285 1158 3353 35

106 3381 147 3442 ab
175 3384 239 3442 tam
261 3381 347 3443 tenui
370 3380 456 3441 initio
480 3382 582 3443 tantae
604 3401 677 3462 opes
699 3383 770 3441 sunt
784 3380 970 3461 profligatae.
1016 3376 1096 3438 A'am

55 3525 58 3549 ἶ
112 3467 272 3528 duodecim
293 3467 358 3528 fere
378 3466 596 3527 adolescentuli
617 3467 755 3528 coierunt
774 3486 814 3526 ex
833 3465 894 3540 his,
918 3464 970 3543 qui
985 3461 1095 3524 exsilio

55 3552 66 3593 l·
109 3556 198 3615 eraut
212 3553 342 3628 multati,
359 3571 428 3613 cum
442 3570 502 3613 non
516 3553 613 3615 multo
629 3555 731 3614 essent
746 3551 878 3632 amplius
890 3549 1027 3625 trecenti,
1044 3546 1096 3628 qui

55 3632 62 3695 A
161 3670 262 3712 comare
275 3673 346 3719 Nepos.
676 3712 679 3716 Δ
925 3655 940 3702 5
