2504 4080
408 215 433 276 I.
456 213 694 277 MILTIADES.
1018 212 1039 276 9

61 392 186 463 rentur,
218 386 307 468 primi
338 387 474 448 homines
498 387 619 449 Medica
643 391 730 447 veste
754 387 877 449 indutos
903 387 1040 468 aspicere

63 474 227 546 auderent,
258 491 327 533 cum
357 477 448 534 antea
472 473 571 553 ipsum
596 492 706 534 nomen
732 472 886 534 Medicum
913 470 1039 534 Graecis

63 559 177 620 terrori
191 558 304 619 fuisset.
347 556 424 619 (lum
439 559 492 619 diu
506 563 675 638 pugnatum
690 563 778 634 esset,
802 558 923 621 barbari
937 560 1039 620 media

65 645 133 706 acie
146 644 297 720 vicerunt,
319 643 350 703 in
373 663 432 724 qua
446 644 560 706 Persae
573 645 633 724 ipsi
647 649 679 704 et
693 643 787 705 Sacae
801 644 902 704 densis
917 644 1039 705 orbibus

66 729 222 791 constituti
236 732 335 804 erant,
359 738 391 790 et
406 727 538 792 Graecos
559 731 713 809 fugientes
734 730 765 790 in
780 730 847 791 loca
862 730 1038 791 mediterru-
1059 727 1082 792 ὅ

64 835 123 877 nea
142 815 293 895 persecuti
320 821 399 876 sunt.
451 815 494 877 At
514 817 545 876 in
570 819 699 896 utroque
721 835 813 877 cornu
834 814 1038 876 Athenienses

61 900 318 981 Plataeensesque
328 908 397 981 post
407 919 477 962 acre
488 907 640 963 certamen
652 902 823 982 superiores
833 902 1039 962 discesserunt

60 987 243 1066 omissisque
256 987 401 1063 barbaris,
423 988 474 1068 qui
493 994 581 1068 terga
595 990 765 1064 verterant,
786 988 948 1049 contractis
969 1006 1037 1048 con-

59 1073 232 1152 iunctisque
246 1072 403 1134 ordinibus
419 1075 548 1148 samiis,
566 1075 616 1154 qui
632 1075 764 1135 mediam
776 1074 871 1134 aciem
884 1073 1038 1155 perfrege-

59 1166 147 1235 rant,
167 1158 400 1220 dimicaverunt.
444 1159 510 1221 Nec
524 1160 576 1220 diu
591 1179 700 1240 anceps
715 1179 819 1240 pugna
833 1160 905 1233 l'uit3
926 1158 1037 1220 Persas
1062 1154 1102 1222 10

62 1244 215 1324 fugientes
230 1246 380 1325 persecuti
395 1250 467 1306 sunt
476 1255 508 1305 et
519 1246 702 1321 occiderunt,
718 1248 813 1307 donec
825 1246 864 1306 ad
875 1265 959 1306 mare
970 1265 1037 1326 per-

62 1330 220 1391 venientes
235 1331 330 1410 petito
345 1331 416 1409 igne
431 1350 524 1392 naves
539 1333 679 1412 aggressi
694 1335 772 1391 sunt.
811 1330 879 1400 Quo
894 1332 926 1390 in
942 1336 1037 1392 certa·

61 1417 144 1476 mine
160 1412 363 1477 Callimachus
377 1416 541 1478 fortissime
557 1437 696 1498 pugnans
711 1417 888 1478 interfectus
903 1420 959 1491 est,
981 1435 1038 1476 uec

59 1520 122 1564 non
136 1502 190 1563 alii
203 1502 301 1577 multi,
316 1501 394 1562 inter
409 1523 483 1583 quos
499 1501 705 1583 Cynaegirus,
728 1501 931 1581 Euphorionis
946 1501 1035 1576 filius,

61 1588 135 1648 dum
146 1606 294 1648 summam
306 1589 431 1669 puppim
442 1589 650 1668 apprehendit,
666 1606 758 1648 manu
772 1587 895 1668 bipenni
906 1587 1038 1649 abscissa
1061 1584 1102 1647 15

60 1673 180 1736 occidit.
225 1671 272 1733 Ac
293 1680 408 1754 septem
428 1674 551 1753 quidem
571 1693 665 1735 naves
680 1693 715 1734 eo
730 1673 820 1734 modo
835 1671 1037 1734 Athenienses

61 1759 265 1833 obtinuerunt,
282 1763 398 1820 ceteros
414 1761 536 1820 barbari
551 1761 707 1821 solverunt
721 1763 903 1840 receptaque
924 1760 1038 1839 praeda

61 1844 231 1905 Eretriensi
246 1864 286 1904 ex
300 1845 409 1919 insule,
434 1847 486 1906 ubi
503 1846 700 1926 reliquerant,
724 1844 850 1906 Sunium
865 1852 1036 1925 promonto-

62 1931 145 1990 rium
167 1931 359 1992 circumvecti
381 1935 451 1993 sunt
470 1951 505 1992 eo
529 1933 667 2008 consilio,
690 1939 725 1992 ut
739 1932 822 2011 prius
838 1950 928 2010 quam
943 1931 1036 1990 Athe-

63 2016 184 2076 nienses
199 2018 237 2077 ad
252 2017 358 2077 urbem
373 2018 521 2078 venirent.
566 2018 609 2078 At
622 2017 777 2079 Miltiades
792 2016 953 2096 evestigio
969 2035 1037 2076 cum
1059 2013 1102 2077 20

61 2102 201 2162 exercitu
223 2122 310 2182 opem
332 2103 400 2163 urbi
419 2104 499 2163 ferre
519 2105 694 2184 properavit
713 2104 917 2181 barbarosque
932 2102 1038 2162 eodem

61 2190 222 2248 tendentes
238 2189 401 2249 antevertit
416 2193 447 2250 ct
462 2190 541 2270 apud
556 2191 660 2251 fanum
675 2189 833 2261 Herculis,
850 2187 931 2266 quod
945 2191 992 2247 est
1007 2188 1038 2246 in

63 2271 249 2353 Cynosarge,
268 2281 367 2335 castra
381 2274 462 2335 fecit.
506 2274 718 2335 Barbaricum
740 2275 945 2335 exadversum
959 2272 1037 2334 Pha-

62 2359 170 2434 lerum,
186 2360 266 2438 quod
281 2365 352 2420 tunc
363 2361 473 2421 navale
483 2359 714 2422 Atheniensium
727 2364 800 2435 erat,
817 2360 1036 2441 pervenissent,

61 2464 155 2525 super
176 2465 245 2504 eum
264 2445 364 2506 locum
386 2446 572 2526 aliquamdiu
597 2467 691 2508 naves
714 2448 745 2507 in
767 2447 831 2507 salo
858 2446 889 2505 in
918 2446 1036 2506 ancoris
1058 2439 1101 2504 25

60 2535 233 2604 tenuerunt,
249 2535 312 2590 tum
328 2531 359 2592 in
374 2530 480 2593 Asiam
495 2553 528 2593 rc
543 2533 654 2595 infecta
668 2533 831 2594 redierunt.
876 2530 902 2591 E
919 2535 1040 2591 centum

62 2616 186 2676 milibus
201 2617 336 2695 peditum
352 2624 382 2677 et
396 2618 500 2678 decem
517 2620 660 2698 equitum,
677 2638 751 2698 quos
764 2618 884 2679 barbari
900 2617 931 2678 in
943 2617 1039 2676 aciem

61 2701 244 2783 produxisse
259 2704 409 2778 dicuntur,
426 2705 548 2766 circiter
562 2724 619 2764 sex
640 2706 724 2765 milia
744 2704 873 2764 trecenti
893 2703 1038 2762 occubue-

60 2792 141 2862 runt,
159 2784 343 2850 Graecorum
358 2795 478 2849 centum
493 2790 657 2868 nonaginta
672 2791 740 2850 duo.

63 2872 134 2942 Qua
147 2874 275 2935 victoria
288 2875 373 2934 nulla
387 2895 520 2954 unquam
534 2877 647 2936 maiore
658 2875 771 2953 gaudio
784 2872 948 2933 Athenien·
971 2871 1053 2932 VIH
1061 2869 1104 2933 30

63 2978 114 3019 ses
135 2961 281 3039 perfudit3
302 2962 395 3021 ceteri
415 2962 488 3021 dum
508 2962 610 3024 hostes
632 2962 784 3039 fugientes
806 2964 1038 3039 persequuntur,

62 3064 143 3105 uuus
158 3065 174 3105 e
190 3047 308 3106 civibus
324 3047 448 3107 incitato
464 3066 554 3107 cursu
565 3047 701 3108 Athenas
718 3046 873 3108 contendit
887 3050 919 3105 et
933 3045 1041 3124 spiritu

60 3151 158 3212 paene
173 3132 331 3193 deficiente
345 3153 399 3212 per
414 3133 481 3193 vias
497 3137 527 3193 et
549 3134 580 3194 iu
602 3135 666 3194 foro
688 3134 824 3195 clamans
845 3129 1039 3204 Gaudete,

62 3217 185 3291 cives,
202 3218 370 3278 vicimus
386 3220 489 3280 statim
501 3219 691 3281 exanimatus
703 3224 757 3280 est.
788 3219 894 3298 Neque
909 3218 1041 3279 alienum

60 3302 193 3377 videtur,
217 3304 308 3383 quale
330 3305 498 3383 praemium
521 3305 653 3366 Miltiadi
676 3307 823 3367 tributum
846 3306 899 3376 sit,
923 3304 1039 3373 docere,
1063 3298 1105 3362 35

61 3408 121 3469 quo
143 3389 265 3449 facilius
286 3390 418 3469 intelligi
439 3392 552 3471 possit,
581 3393 707 3453 eandem
729 3392 863 3453 omnium
884 3389 1041 3449 civitatum

61 3494 131 3534 esse
145 3480 293 3536 naturam.
333 3476 375 3538 Ut
390 3477 470 3536 euim
486 3478 590 3558 populi
601 3478 731 3540 Romani
746 3479 874 3538 honores
891 3472 1041 3552 quondam

59 3562 187 3623 fuerunt
200 3563 262 3623 rari
276 3567 307 3624 et
322 3566 427 3623 tenues
443 3563 480 3623 ob
496 3583 622 3644 eamque
638 3583 759 3626 causam
774 3559 914 3642 gloriosi,
937 3561 1042 3637 postea
