2504 4080
428 210 492 271 IV:
506 207 750 274 PAUSANIAS.
1038 211 1082 277 29

99 383 184 444 sibus
199 379 347 463 Byzantio
362 382 395 442 vi
410 383 558 462 expulsus
573 381 713 465 Spartam
729 402 790 445 non
803 383 904 459 rediit,
926 384 981 445 sed
996 381 1084 447 Oolo·

98 489 165 545 nos,
181 468 232 548 qui
247 469 332 531 locu·
348 468 379 528 in
395 485 470 549 agro
486 468 604 531 Troade
620 473 675 543 est,
692 488 727 529 se
741 469 883 544 contulit;
899 469 942 530 ibi
957 471 1085 532 consilia

99 574 170 617 cum
196 556 329 635 patriae,
358 560 424 616 tum
449 554 507 617 sibi
531 555 655 616 inimica
678 555 824 636 capiebat.
869 556 908 615 Id
922 559 1084 637 postquam

97 640 330 703 Lacedaemonii
344 641 528 716 rescierunt,
554 659 735 723 praeconem
758 658 827 701 oum
848 641 939 702 clara
960 642 1085 703 adeum

99 726 257 803 miseruut,
271 726 304 788 in
318 747 377 807 qna
390 747 476 789 more
490 727 613 788 illorum
627 729 695 788 erat
709 726 865 807 scriptum,
885 727 944 788 uisi
960 729 1084 790 domum
1104 725 1127 790 ὃ

99 815 315 887 reverteretur,
331 833 364 873 se
378 815 497 875 hostem
512 833 580 875 eum
595 813 791 874 iudicaturos.

186 897 255 960 Hoc
268 898 374 960 nuntio
389 901 557 961 commotus
572 919 706 980 sperans,
722 918 755 960 se
770 897 865 959 etiam
878 901 944 960 tum
955 898 1085 979 pecunia
1106 897 1153 961 IV

98 986 131 1044 et
145 985 283 1064 potentia
296 985 415 1046 instans
429 985 598 1065 periculum
613 1004 703 1066 posse
717 985 880 1065 depellere,
898 985 1022 1047 domum
1035 1004 1083 1045 re·

98 1069 165 1130 diit.
210 1070 280 1132 Huc
301 1075 337 1131 ut
358 1070 458 1145 venit,
482 1070 521 1131 ab
543 1071 664 1151 ephoris
686 1071 718 1132 in
741 1070 911 1133 custodiam
930 1070 1084 1152 publicam

98 1158 148 1216 est
161 1156 259 1216 datus.
303 1156 390 1218 Licet
407 1155 487 1217 enim
502 1157 623 1237 legibus
639 1156 947 1219 Lacedaemoniorum
962 1155 1084 1238 ephoris
1107 1153 1150 1218 10

98 1241 157 1303 hoc
171 1242 272 1304 facere
286 1242 363 1320 regi,
388 1242 473 1303 cuius
488 1243 607 1304 vicibus
621 1246 694 1304 tunc
707 1242 875 1305 Pausanias
889 1243 1082 1323 fungebatur.

98 1327 182 1388 Hinc
196 1332 299 1388 tamen
314 1348 347 1389 se
363 1327 535 1409 expedivit,
558 1348 615 1390 uec
635 1332 738 1390 tamen
760 1329 883 1390 carebat
903 1330 1082 1410 suspicione.

99 1412 181 1474 Nam
205 1414 306 1495 opinio
330 1415 481 1490 manebat,
508 1434 579 1476 eum
605 1434 674 1475 cum
699 1433 774 1493 rege
786 1413 950 1476 Persarum
971 1415 1085 1475 habere

100 1501 287 1561 societatem.
332 1498 389 1561 Eat
411 1520 510 1580 genus
532 1500 683 1580 quoddam
707 1499 877 1575 hominum,
892 1500 945 1578 qui
959 1499 1083 1561 Hilotae

99 1588 256 1661 vocantur,
273 1605 402 1666 quorum
416 1605 530 1666 magua
544 1586 708 1648 multitudo
724 1604 815 1664 agros
830 1584 1083 1646 Lacedaemonio·
1107 1579 1149 1645 15

99 1691 170 1733 rum
196 1672 269 1733 colit
294 1691 514 1752 servorumque
538 1691 665 1732 munere
687 1671 835 1753 fungitur.
880 1671 946 1733 Hos
966 1689 1086 1752 quoque

99 1756 267 1819 sollicitare
282 1778 337 1839 spe
353 1758 503 1820 libertatis
518 1759 759 1821 existimabatur.
806 1756 864 1820 Sed
882 1759 962 1838 quod
976 1759 1085 1819 harum

100 1862 205 1904 rerum
219 1844 337 1905 nullum
353 1848 419 1905 erat
433 1849 572 1926 apertum
585 1844 708 1920 crimen,
725 1863 783 1924 quo
796 1844 885 1922 argui
895 1849 1007 1924 posset,
1023 1862 1085 1904 non

101 1930 251 2009 putabant
265 1929 304 1991 de
319 1931 374 1992 tali
389 1935 512 2009 tamque
527 1931 609 1992 claro
625 1932 692 1991 viro
707 1930 930 2011 suspicionibus
945 1931 1085 2010 oportere

100 2015 232 2077 iudicari
258 2019 290 2077 et
314 2017 567 2096 exspectandum,
596 2017 693 2078 donec
718 2035 752 2077 se
777 2015 845 2096 ipsa
865 2034 915 2075 res
941 2015 1083 2095 aperiret.
1106 2006 1150 2072 20

100 2102 232 2164 interim
253 2102 393 2182 Argilius
418 2103 541 2182 quidam
562 2102 820 2177 adolescentulus,
846 2119 937 2181 quem
956 2119 1086 2181 puerum

101 2187 272 2249 Pausanias
293 2189 324 2248 iu
349 2187 469 2249 deliciis
492 2189 654 2265 habuerat,
677 2207 746 2249 cum
766 2187 928 2271 epistolam
942 2188 981 2248 ab
996 2205 1032 2247 eo
1047 2185 1097 2247 ad·

101 2272 287 2335 Artabanum
310 2274 478 2355 accepisset
500 2277 532 2336 et
554 2275 776 2354 suspicaretur,
801 2273 917 2354 aliquid
938 2273 970 2335 in
998 2292 1035 2335 ea
1048 2272 1087 2333 de

101 2379 138 2420 se
152 2378 221 2420 esse
235 2359 396 2439 scriptum,
420 2360 500 2440 quod
520 2380 609 2422 nemo
624 2380 729 2422 eorum
743 2359 888 2435 redisset,
911 2360 964 2440 qui
978 2359 1017 2420 de
1031 2358 1088 2421 tali

102 2463 197 2507 causa
210 2445 417 2508 codemmissi
437 2450 538 2522 erant,
558 2447 663 2507 uincla
682 2446 830 2526 epistolae
851 2446 970 2507 laxavit
984 2445 1086 2524 signo
1109 2434 1152 2500 25

100 2551 162 2611 que
177 2531 313 2594 detracto
329 2532 482 2613 cognovit,
499 2532 525 2593 si
539 2532 724 2614 pertulisset,
741 2532 800 2593 sibi
811 2551 878 2593 esse
888 2531 1086 2613 pereundum.

102 2616 202 2680 Erant
223 2618 255 2678 in
280 2619 387 2679 eadem
402 2617 548 2699 epistola,
574 2637 652 2698 quae
678 2619 717 2678 ad
742 2637 779 2679 ea
792 2617 994 2699 pertinebant,
1010 2635 1087 2696 quae

102 2703 184 2765 iuter
199 2721 304 2782 regem
318 2703 562 2785 Pausaniamque
576 2707 789 2766 couvenerant,
833 2701 899 2764 Has
914 2702 967 2763 ille
981 2701 1089 2763 literas

101 2789 226 2870 ephoris
248 2789 381 2871 mandit,
425 2789 496 2852 Non
521 2782 569 2852 bst
593 2789 816 2870 praetereunda
835 2787 974 2866 gravitas
995 2786 1089 2849 Lace

102 2876 332 2938 daemoniorum
355 2877 412 2938 hoc
434 2877 509 2938 loco.
554 2875 635 2937 Nam
658 2895 698 2936 ne
718 2874 808 2935 huius
830 2873 954 2954 quidem
976 2873 1088 2936 iudicio
1110 2864 1155 2930 30

104 2961 228 3042 impulsi
244 2964 324 3038 sunt,
340 2966 376 3023 ut
387 2961 570 3025 Pausaniam
581 2960 879 3043 comprehenderent,
895 2980 993 3042 neque
1004 2960 1090 3043 prius

82 3121 87 3130 η
103 3048 169 3108 vim
185 3047 389 3109 adhibendam
404 3067 471 3108 esse
485 3050 680 3127 putaverunt,
696 3067 787 3128 quam
800 3047 1089 3128 seipseiudicasset.

101 3135 214 3213 Itaque
229 3133 299 3193 huic
313 3133 415 3210 indici,
433 3133 505 3213 quid
519 3133 585 3195 fieri
600 3133 726 3209 vellent,
741 3137 970 3217 praeceperunt.

191 3218 292 3280 Homo
314 3220 484 3281 Taenarum
511 3240 544 3280 se
574 3220 704 3282 contulit
722 3220 824 3300 ibique
843 3221 976 3300 supplex
996 3237 1091 3302 prope
1112 3209 1142 3272 V

102 3305 213 3366 aedem
231 3323 332 3366 casam
346 3305 463 3386 pariete
479 3306 511 3366 in
527 3307 602 3368 duas
616 3309 720 3387 partes
735 3306 866 3368 divisam
881 3307 1037 3380 iustruxit,
1059 3304 1092 3365 in
1113 3293 1156 3359 35

106 3390 192 3451 cuius
207 3390 304 3452 altera
318 3393 406 3472 parte
421 3411 461 3452 ex
476 3393 597 3472 ephoris
612 3392 736 3473 quidam
751 3392 987 3454 occultabantur.
1021 3389 1091 3460 Quo

106 3495 176 3538 oum
196 3476 363 3540 Pausanias
383 3475 535 3554 venisset,
561 3479 681 3558 quaerit
703 3498 743 3540 ex
762 3477 996 3550 adolescentulo,
1018 3475 1092 3556 quid

102 3563 149 3624 sit
164 3582 273 3626 causae
288 3568 350 3626 tam
365 3564 517 3644 repentini
533 3564 661 3626 consilii.
696 3564 778 3625 Huic
791 3564 860 3640 ille,
882 3563 954 3643 quid
969 3581 1010 3624 ex
1023 3562 1092 3624 lite·
