2504 4080
423 216 478 279 IV.
506 215 751 281 PAUSAMIAS.
1039 218 1082 284 27

98 389 185 469 regis
199 386 286 451 Darii
306 406 416 467 gener,
439 388 472 450 in
491 389 599 470 primis
614 391 749 452 omnium
764 390 930 453 Persarum
947 395 980 454 et
993 411 1085 454 mann

99 475 190 538 fortis
208 475 242 536 et
260 473 378 535 eonsilii
398 473 522 557 plenus,
545 493 616 536 oum
637 475 782 538 heeentis
802 478 927 539 milibus
942 477 1083 555 militum,

98 581 178 642 qnos
193 559 310 621 viritim
323 560 453 640 legerat,
467 560 500 621 in
515 560 625 641 quibus
637 561 751 640 viginti
766 563 901 642 equitum
914 566 1008 640 erant,
1024 584 1084 626 non

100 649 147 708 ita
161 664 274 725 magna
287 664 379 708 manu
392 643 542 709 Graeciae
561 648 687 726 fugatus
707 650 755 708 est
775 667 871 730 eoque
886 650 1001 731 proelio
1016 646 1083 732 ipse

101 734 168 794 dux
183 731 300 796 cecidit
344 732 527 809 Pausanias,
549 734 601 813 qui
622 753 658 795 eo
679 738 816 815 tempore
837 739 920 796 tutor
941 741 1008 797 erat
1022 736 1084 797 Pli-
1106 735 1128 798 5

101 818 232 892 stareho‚
248 816 342 880 filiolo
353 817 508 880 Leonidae
521 820 615 897 regis,
632 838 700 880 eum
712 820 846 901 quinque
861 820 983 881 milibus
994 819 1085 902 Spar-

100 905 246 966 tiatarum
261 906 293 964 et
306 903 436 982 triginta
450 905 582 985 quinque
597 925 764 982 servorum,
781 924 965 986 quamquam
980 908 1085 987 ephori

99 991 188 1052 initio
202 990 317 1051 bellum
328 992 418 1052 extra
428 989 671 1070 Peloponnesum
681 993 749 1070 geri
760 995 931 1068 vetuerant,
948 993 986 1053 ad
998 992 1084 1053 auxi-

98 1078 177 1138 linm
191 1075 431 1140 Atheniensibus
452 1076 611 1137 ferendum
632 1078 786 1158 profectus
800 1080 880 1153 erat;
904 1078 959 1138 has
981 1079 1084 1159 copias

100 1164 193 1244 paulo
219 1167 289 1244 post
313 1161 528 1224 Perioeeorum
554 1164 687 1242 quinque
711 1165 797 1226 milia
821 1165 984 1226 subsecuta
1003 1168 1082 1227 sunt.
1108 1163 1151 1226 10

100 1248 150 1309 Ae
164 1267 232 1308 oum
247 1247 280 1307 in
290 1245 425 1309 Atticam
436 1248 635 1328 pervenisset,
650 1248 828 1312 Mardonius
840 1270 876 1341 ea
887 1253 978 1327 terra,
994 1270 1086 1330 quam

101 1334 215 1396 Persae
230 1333 341 1394 iterum
367 1339 582 1415 expugnarant
596 1333 794 1416 Athenasque
813 1336 950 1398 funditus
965 1338 1086 1398 deleve

100 1423 181 1497 rant,
195 1418 304 1481 relicta
317 1419 349 1480 in
365 1419 523 1482 Boeotiam
539 1421 691 1482 eoneemit
705 1426 736 1481 et
750 1440 846 1504 prope
860 1421 1002 1483 Plataeas
1018 1440 1086 1483 oon-

102 1506 189 1568 sedit.
234 1504 283 1565 lbi
309 1524 379 1567 eum
403 1525 459 1586 per
483 1506 589 1568 decem
611 1506 677 1568 dies
705 1503 824 1581 Graeci,
852 1507 904 1586 qui
929 1507 1083 1567 subseeut‘

100 1594 197 1668 erant,
214 1594 315 1652 eastra
329 1592 508 1653 habuissent
516 1611 616 1672 neque
627 1592 730 1653 hostes
741 1593 780 1654 ad
791 1611 927 1674 pugnam
939 1611 1084 1672 provoea·
1108 1590 1150 1655 15

100 1680 229 1751 sissent,
245 1677 295 1737 die
306 1678 466 1739 undecimo
477 1676 657 1741 Mardonius
672 1678 789 1758 equites
805 1682 910 1741 eontra
924 1699 977 1740 eos
991 1678 1083 1739 misit.

100 1765 161 1825 His
178 1763 315 1842 contigit,
331 1766 366 1824 ut
381 1760 517 1826 Graecos
532 1768 564 1824 et
578 1764 739 1845 aquatione
761 1771 792 1826 et
807 1769 979 1827 commeatu
993 1766 1084 1827 inter-

102 1849 276 1924 eluderent3
292 1869 351 1930 quo
365 1849 446 1911 laeto
462 1869 531 1911 eum
545 1849 578 1910 hi
592 1851 688 1912 multa
701 1855 790 1912 noete
806 1855 906 1913 eastra
916 1853 1085 1926 moverent,

104 1935 283 1997 Mardonius
305 1955 376 1996 eum
395 1935 565 1996 discessum
588 1937 694 2035 luggam
716 1957 785 1998 esse
805 1945 891 1998 ratus
905 1938 1004 2017 prima
1016 1936 1085 1996 luee

101 2041 224 2084 omnem
253 2023 437 2101 peditatum,
468 2022 520 2101 qui
547 2019 681 2083 Graecos
707 2023 891 2097 adoriretur,
924 2043 953 2083 e,
974 2022 1084 2083 eastris
1106 2018 1149 2084 20

102 2107 201 2169 duxit.
246 2107 323 2168 Tum
350 2108 438 2168 brevi
463 2118 533 2189 post
558 2108 697 2170 omnihus
722 2108 799 2169 loeis
828 2109 997 2188 pugnatum
1022 2110 1083 2181 est3

101 2193 251 2274 quamdiu
275 2193 455 2256 Mardonius
488 2213 565 2273 equo
598 2195 667 2255 albo
693 2197 802 2256 vestus
831 2197 986 2275 superstes
1012 2196 1086 2269 erat,

103 2280 219 2341 Persae
234 2279 416 2341 fortissimos
430 2279 515 2342 uiros
530 2299 564 2340 se
577 2279 796 2360 praestiterunt
810 2284 842 2341 et
855 2280 968 2342 multos
983 2281 1086 2342 hostes

103 2366 280 2428 oeciderunt
304 2364 464 2428 anntmn
475 2385 531 2445 per
541 2364 750 2428 Arimnestum
760 2366 914 2428 hominem
924 2365 1086 2442 Laeonem,

106 2452 279 2526 interfeoto‚
304 2451 389 2513 nullo
412 2451 518 2513 ordine
539 2451 572 2513 in
595 2455 696 2514 eastra
719 2453 836 2515 munita
856 2453 1017 2531 fugerunt,
1047 2452 1088 2513 ad
1109 2446 1151 2512 25

101 2556 184 2618 quae
197 2538 412 2617 expugnanda,
427 2555 496 2598 eum
507 2536 740 2600 Lacedaemonii
751 2539 817 2599 eius
828 2538 874 2598 rei
884 2538 984 2599 minus
996 2538 1087 2619 periti

101 2626 214 2698 essent,
230 2622 434 2684 Athenienses
449 2624 587 2685 areessiti
601 2628 680 2684 sunt.

188 2708 276 2770 Haeo
297 2710 410 2770 cursim
432 2709 606 2787 attigimus,
627 2729 697 2770 eum
718 2709 779 2770 iam
801 2709 834 2769 in
853 2708 919 2768 vita
941 2707 1087 2769 Aristidis
1108 2707 1145 2768 Π

104 2814 170 2856 rem
184 2795 308 2856 uberius
326 2796 565 2875 exposuerimus.
609 2794 778 2855 Pausanias
793 2811 831 2854 ea
844 2793 975 2854 viatoria
989 2793 1088 2856 elatus

104 2880 237 2962 plurima
249 2881 377 2942 miseere
393 2882 492 2962 eoepit
506 2886 538 2942 et
551 2881 668 2942 maiora
683 2880 905 2961 concupiscere.
950 2877 1011 2940 Sed
1026 2881 1088 2963 pri·
1110 2874 1154 2942 30

104 2987 188 3028 mum
203 2967 236 3028 in
250 2987 286 3028 eo
301 2971 348 3028 est
362 2968 573 3048 reprehensus,
589 2967 670 3047 quod
684 2986 754 3027 euru
765 2985 802 3026 ex
813 2966 928 3048 praeda
938 2966 1090 3049 tripodem

103 3072 231 3114 aureum
254 3052 383 3133 Delphis
404 3053 567 3134 posuisset,
591 3053 623 3113 in
645 3073 680 3114 eo
701 3053 891 3134 epigramma
905 3053 1035 3135 scripsit,
1059 3053 1090 3113 in

102 3158 165 3220 quo
180 3139 255 3199 haee
270 3144 336 3200 erat
347 3140 511 3202 sententia:
526 3159 581 3201 suo
592 3140 685 3200 duetu
697 3140 843 3202 barbaros
855 3141 936 3220 apud
946 3139 1089 3201 Plataeas

105 3244 176 3285 esse
189 3224 288 3286 victos
303 3225 428 3306 eiusque
442 3225 590 3288 victoriae
604 3246 679 3307 ergo
694 3247 728 3286 se
742 3224 879 3308 Apollini
904 3227 1016 3287 donum
1038 3226 1089 3286 de

102 3311 194 3372 disse.
239 3310 308 3372 Hos
322 3331 430 3372 versus
444 3311 677 3374 Lacedaemonii
692 3316 798 3394 postea
812 3319 971 3374 eraserunt
990 3328 1089 3389 neque
1111 3301 1154 3366 35

102 3397 188 3457 aliud
203 3398 399 3479 seripserunt,
429 3398 488 3458 nisi
502 3399 625 3460 nomina
639 3418 745 3460 earum
772 3398 940 3473 civitatum,
961 3412 1091 3474 quarum

105 3483 224 3546 anxilio
239 3482 353 3546 Persae
374 3487 461 3545 erant
482 3484 603 3546 devieti.
649 3483 724 3547 Post
744 3484 776 3545 id
791 3482 943 3564 proelium
958 3479 1089 3541 eundem

103 3567 289 3631 Pausaniam
304 3589 372 3631 eum
387 3570 484 3632 olasse
497 3569 649 3632 eommuni
661 3567 797 3651 Cyprum
810 3572 902 3648 atque
910 3565 1111 3651 Hellespon·u
