2504 4080
165 269 209 335 48
493 266 565 328 VH.
588 263 820 328 trahamur„

166 440 348 503 fefellerunt.
393 437 474 499 Nam
498 456 559 500 non
585 436 684 498 solum
710 435 863 516 corrumpi
886 454 948 497 non
977 440 1150 516 potuerunt,

168 526 223 587 sed
245 524 338 585 etiarn
358 523 477 603 legatos
499 521 759 584 Lacedaemonem
778 521 943 595 miserunt,
965 520 1021 602 qni
1036 521 1150 604 Lysan

168 613 258 673 drum
272 613 464 684 accusarent,
487 609 569 690 quod
588 607 763 669 sacerdotes
777 606 841 668 fani
855 626 1054 688 corrumpere
1069 627 1150 672 oona-

168 701 219 759 tus
246 700 336 757 esset.
395 694 565 757 Accusatus
590 694 647 756 hoc
674 693 800 755 crimine
825 692 962 754 iudicum
993 694 1149 756 sententiis

126 782 147 847 5
170 782 326 847 absolutus
341 784 397 843 est.

97 870 149 934 IX
257 865 335 930 (lum
348 866 514 948 Agesilaus
528 865 561 925 in
575 862 651 926 Asia
665 883 715 925 res
728 864 807 926 bene
821 865 953 943 gereret,
974 883 1036 925 rex
1049 862 1150 928 Persa·

170 975 239 1018 rum
254 954 383 1035 pecunia
396 952 490 1013 missa
501 948 682 1026 Corinthios,
698 949 867 1026 Thebanos,
881 948 1030 1028 Argivos,
1046 950 1151 1031 quibus

170 1044 278 1122 postca
288 1037 491 1100 Athenienses
503 1040 535 1098 et
545 1036 685 1098 Thessali
699 1055 733 1096 se
748 1034 963 1116 adiungebant,
979 1036 1151 1111 commorit,

170 1130 206 1188 ut
219 1123 467 1188 Lacedaemoniis
487 1123 603 1183 bellum
622 1122 783 1199 inferrent,
805 1121 885 1201 quod
900 1118 1097 1185 Corinthium
1110 1124 1152 1184 ast

108 1213 150 1277 10
171 1210 367 1292 appellatum.
398 1207 449 1269 Ad
464 1209 545 1288 quod
560 1209 729 1287 gerendum
744 1207 903 1288 Lysander
917 1225 988 1267 cum
1002 1206 1153 1270 Pausania

172 1314 246 1374 rege
273 1295 385 1356 missus
409 1293 476 1375 ipse
500 1313 556 1374 per
580 1294 766 1369 Phocenses,
793 1292 845 1373 qui
867 1311 885 1353 a
904 1291 1153 1357 Lacedaemoniis

173 1382 305 1457 stabant,
320 1381 352 1441 in
363 1379 520 1442 Boeotiam
535 1380 692 1459 ingressus
706 1382 755 1440 est
768 1382 800 1444 et
810 1377 1021 1440 Orchomeniis
1032 1398 1152 1460 persua

173 1469 222 1544 sit,
238 1471 273 1528 ut
288 1487 306 1528 a
320 1467 466 1529 societate
481 1465 693 1526 Thebanorum
708 1463 881 1526 deficerent.
924 1462 1048 1526 Deinde
1062 1464 1153 1528 Leba-

172 1555 262 1615 deam
287 1572 396 1615 versus
422 1552 576 1633 profectus
602 1551 641 1612 ad
662 1550 861 1626 Pausaniam,
888 1548 939 1629 qni
965 1549 1027 1611 alio
1047 1551 1152 1613 itinera

108 1639 151 1703 15
173 1659 246 1701 usus
260 1641 335 1713 erat,
351 1638 457 1699 literas
472 1637 569 1714 misit,
591 1639 627 1698 ut
646 1636 704 1698 sibi
723 1638 845 1716 postero
860 1635 963 1696 dicad
979 1634 1153 1698 Haliartum

172 1726 293 1804 praesto
324 1725 421 1796 esset,
453 1741 544 1801 quam
576 1723 683 1783 urbem
708 1724 937 1803 oppugnaturus
961 1724 1037 1784 erat.
1091 1722 1155 1785 Hae

172 1809 280 1870 literae
294 1827 349 1888 per
364 1807 574 1886 exploratores
589 1807 775 1889 interceptae
790 1807 830 1869 ad
844 1806 1004 1868 Thebanos
1020 1808 1154 1888 perlatae

173 1895 258 1969 sunt,
286 1893 338 1973 qni
363 1893 467 1954 statim
493 1892 609 1954 auxilio
635 1893 764 1974 profecti
785 1892 870 1974 prius
891 1911 981 1972 quam
995 1892 1154 1973 Lysander

62 1976 65 1981 ’
174 1982 213 2043 ad
228 1979 402 2042 Haliartum
417 1982 623 2060 pervenerunt
636 1979 803 2058 urbemque
817 1982 1053 2058 occupaverunt.
1076 1979 1154 2041 Laco

106 2063 152 2131 20
174 2070 277 2130 autem
292 2067 391 2147 prima
413 2066 482 2127 luce
504 2084 574 2126 cum
593 2065 762 2126 exercitum
776 2063 969 2139 adduxisset,
991 2064 1080 2127 initio
1095 2064 1156 2146 qui·

174 2155 243 2217 dem
269 2153 386 2233 impetu
410 2152 564 2214 abstinuit.
619 2150 697 2211 Tum
722 2169 796 2212 vero
826 2148 1009 2230 procedente
1039 2150 1091 2212 dic
1119 2150 1157 2213 ad

174 2238 259 2300 urbis
274 2237 395 2299 moenia
410 2237 553 2310 accessit;
577 2236 714 2298 Thebani
728 2242 830 2298 antem
846 2236 1004 2317 eruptione
1024 2235 1107 2298 facte
1126 2236 1157 2298 iu

174 2324 322 2386 adversos
344 2321 574 2402 impressionem
588 2323 741 2399 fecerunt,
764 2322 869 2383 hostes
889 2321 1157 2402 propulsaverunt,

174 2406 368 2488 Lysandrum
382 2406 482 2487 ipsum
497 2408 723 2470 interfecerunt.
750 2406 920 2469 Pausanias
933 2425 991 2468 rex
1005 2426 1077 2469 cum
1092 2426 1158 2470 sero

107 2489 153 2557 25
175 2492 364 2567 advenisset,
392 2492 425 2552 in
445 2493 648 2574 suspicionem
669 2496 796 2555 vocatus
823 2494 871 2553 est
895 2492 928 2553 id
947 2492 986 2555 de
1007 2492 1159 2555 industria

174 2578 297 2654 fecisse;
319 2576 429 2658 capitis
446 2578 542 2659 igitur
563 2582 722 2642 accusatus
742 2578 878 2657 Tegeam
897 2578 1035 2658 profugit
1055 2579 1159 2660 ibique

174 2666 206 2727 in
221 2664 315 2726 exilio
336 2666 473 2725 mortuus
494 2667 549 2727 est.
593 2664 643 2727 Ita
665 2664 747 2726 dicm
762 2682 938 2745 supremum
951 2664 1028 2725 obiit
1041 2663 1159 2746 Lysan-

177 2754 240 2829 der,
255 2753 345 2814 homo
360 2750 506 2813 subdolus
520 2749 644 2831 quidem
655 2753 686 2812 et
697 2749 884 2825 ambitiosus,
900 2749 1045 2812 innocens
1056 2752 1161 2813 tamen

177 2841 209 2899 et
223 2837 352 2920 pecunia
366 2837 530 2911 abstinens,
547 2837 660 2918 quippe
674 2836 773 2916 quiin
792 2837 973 2917 paupertate
987 2835 1160 2912 decederet,

107 2916 155 2983 30
178 2941 247 2984 cum
261 2923 349 2984 dives
363 2941 431 2984 esse
446 2925 557 3004 posset.

566 3245 770 3257 q-—uu
