2504 4080
167 174 210 240 as
480 174 552 238 xv.
575 172 826 267 rnrcrunus.

167 349 292 428 propter
312 346 446 428 inopiam
467 349 671 409 subsidiorum
693 349 815 427 tempus
836 346 883 407 rei
903 347 981 407 bene
997 351 1153 428 gerendae

168 432 329 507 omisisset,
346 434 383 493 ab
399 434 526 515 imperio
540 438 675 496 remotus
689 439 720 493 et
735 433 768 493 in
781 432 928 493 iudicium
948 438 1079 496 vocatus
1100 448 1152 496 est.

169 517 239 588 Qua
253 519 285 578 in
299 539 333 580 re
354 539 445 599 quam
465 539 553 581 carus
575 520 639 580 suis
662 523 755 593 esset,
783 519 932 601 apparuit.
977 518 1062 582 Nam
1088 540 1154 582 cum

170 624 293 667 causam
314 605 443 681 diceret,
465 626 525 667 non
544 606 643 666 solum
658 606 748 666 amici
769 604 942 685 privatique
962 605 1103 687 hospites
1118 608 1153 668 ad

126 686 148 750 5
170 711 241 752 eum
263 692 487 753 defendendum
509 694 728 766 convenerunt,
754 692 809 752 sed
832 691 925 750 etiam
945 691 979 750 in
994 690 1042 752 eis
1057 694 1150 755 Isson.

169 781 318 858 tyrannus
334 778 519 854 Thessaliae,
536 778 588 858 qui
602 778 656 838 illo
672 781 808 856 tempore
823 776 960 837 omnium
975 777 1040 839 fuit
1053 788 1152 859 poten-

170 865 313 925 tissimus.
357 866 389 924 Is
405 883 474 925 cum
489 865 521 925 in
535 865 634 945 patria
649 863 714 923 sine
730 862 914 923 satellitibus
929 880 964 922 se
978 867 1081 927 tutum
1093 884 1149 926 non

169 950 383 1026 arbitraretur,
405 949 542 1010 Athenas
565 951 631 1010 sine
652 949 714 1009 ullo
736 948 887 1029 praesidio
910 949 1000 1009 venit
1022 950 1148 1029 tantique

171 1035 322 1114 hospitem
345 1035 426 1110 fecit,
452 1040 486 1095 ut
509 1037 615 1096 mallet
630 1035 737 1115 eapitis
752 1033 921 1114 periculum
937 1035 1043 1111 adire,
1066 1055 1147 1117 quarn

109 1116 151 1179 10
172 1120 330 1180 Timotheo
361 1121 398 1181 de
427 1121 509 1182 fama
538 1122 695 1183 dimicanti
724 1121 838 1181 deesse.
898 1118 1005 1200 Atque
1036 1122 1147 1183 omnino

170 1209 296 1287 propter
306 1208 495 1268 moderatam
506 1208 734 1287 sapientemque
744 1207 849 1280 vitam,
866 1206 953 1266 cuius
965 1207 1014 1267 rei
1026 1208 1153 1288 plurima

171 1311 331 1373 possumus
346 1295 482 1374 proferre
494 1294 674 1369 testimonia,
689 1292 826 1354 omnibus
838 1292 983 1371 probatus
999 1300 1154 1374 acceptus·

171 1399 230 1458 que
245 1383 319 1440 erat.
363 1380 482 1441 Iudicio
502 1380 659 1442 absolutus
674 1378 705 1438 in
719 1377 831 1439 Persas
853 1377 1011 1454 discessit,
1033 1400 1111 1460 quos
1126 1381 1155 1439 in

171 1465 316 1546 Aegypto
331 1467 539 1547 recuperanda
554 1466 720 1526 adiuuaret.
744 1463 820 1524 Inde
834 1482 978 1523 reversus
991 1484 1060 1527 cum
1070 1465 1154 1545 Iphi·

109 1545 151 1609 15
173 1560 269 1626 crate,
297 1570 394 1630 aquo
417 1553 449 1617 in
471 1551 627 1631 republica
648 1549 888 1612 administranda
913 1549 1095 1633 dissidebat,
1124 1552 1155 1611 in

172 1636 304 1716 gratiam
329 1637 419 1697 rediit
448 1638 573 1716 eiusque
597 1636 660 1698 filio
686 1634 863 1696 Menestheo
889 1634 986 1696 filiam
1011 1655 1098 1697 suam
1125 1639 1156 1696 in

175 1723 401 1784 matrimonium
416 1723 507 1783 dedit,

100 1802 152 1865 111
259 1808 372 1870 Postea
392 1809 483 1870 simul
505 1828 573 1868 oum
594 1806 740 1888 Agesilao
763 1805 975 1881 Ariobarzani,
1000 1810 1153 1888 praelecto

172 1894 338 1974 Phrygiae,
355 1897 468 1956 auxilio
481 1895 634 1975 profectus
649 1898 708 1974 est,
724 1912 811 1972 aquo
822 1912 891 1953 cum
901 1892 982 1955 Laco
994 1896 1154 1974 pecuniam

108 1971 151 2037 20
172 1986 363 2043 numeratam
377 1982 558 2062 accepisset,
580 1981 633 2040 ille
649 1981 732 2040 cives
748 1998 818 2038 suos
833 1998 908 2057 agro
923 1983 1015 2059 atque
1030 1980 1155 2040 urbibus
1190 2026 1194 2033 .

173 2068 281 2145 augeri
295 2068 411 2128 maluit.
456 2067 535 2128 Nam
550 2085 619 2126 cum
635 2066 769 2126 audisset
783 2064 1020 2125 Ariobarzanem
1039 2083 1059 2125 a
1079 2085 1155 2144 rege

174 2152 333 2227 defecisse,
371 2152 495 2213 Samum
525 2152 618 2232 oepit,
654 2152 686 2211 in
723 2169 782 2230 qua
817 2151 917 2212 insula
952 2153 1155 2231 oppugnanda

174 2237 322 2317 superiori
343 2239 423 2299 bello
438 2238 641 2300 Athenienses
661 2237 747 2297 mille
767 2240 797 2296 et
811 2236 941 2297 ducenta
957 2237 1073 2298 talenta
1089 2257 1155 2315 con·

174 2329 382 2402 sumpserant,
406 2344 472 2385 eam
492 2325 546 2384 ille
566 2324 631 2384 sine
651 2324 716 2384 ulla
737 2323 858 2401 publica
884 2322 1024 2402 impensa
1045 2324 1154 2405 populo

109 2400 152 2465 25
174 2410 316 2471 restitnit.
374 2411 451 2471 Inde
480 2411 512 2471 in
541 2407 762 2471 Chersonesum
795 2408 944 2486 navigans
975 2406 1098 2471 Sestum
1126 2414 1155 2469 et

175 2492 333 2557 Crithoten
356 2497 450 2576 cepit,
473 2515 550 2575 quae
574 2499 639 2556 tum
654 2495 849 2555 Ariobazanis
865 2497 938 2569 erat,
955 2495 1073 2556 bellum
1089 2515 1155 2556 cum

175 2581 330 2664 Olynthiis
345 2584 449 2662 gessit,
465 2581 653 2656 Potidaeam,
671 2581 824 2654 Toronen,
842 2580 917 2640 alias
932 2581 1025 2641 urbes
1041 2602 1155 2663 expug-

173 2671 274 2747 navit,
298 2670 444 2732 adversus
467 2667 632 2748 Byzantios
652 2675 684 2728 et
706 2664 848 2746 Cotyem,
872 2685 980 2745 regem
1000 2667 1156 2731 Thraciae.

175 2756 341 2832 dimicavit,
357 2776 375 2817 a
390 2775 447 2836 quo
463 2754 548 2815 mille
563 2760 594 2815 et
608 2754 739 2814 ducenta
749 2754 863 2814 talenta
874 2753 1005 2831 praedae
1018 2754 1051 2814 in
1062 2754 1157 2835 publi-

111 2826 154 2890 30
176 2858 245 2899 cum
259 2843 399 2903 retulisse
415 2842 532 2902 dicitur.

107 2915 155 2976 IV
261 2926 321 2986 Hic
346 2947 414 2988 cum
436 2931 517 2988 esset
539 2925 664 3004 grandis
679 2928 752 2985 natu
773 2934 804 2984 et
828 2923 1028 3003 magistratus
1054 2943 1159 3005 gerere

176 3010 315 3087 desisset,
340 3013 421 3074 bello
448 3011 650 3073 Athenienses
673 3011 806 3088 undique
832 3011 929 3089 premi
954 3016 1027 3070 sunt
1053 3010 1158 3091 coepti,

177 3096 257 3175 quod
287 3098 397 3158 sociale
428 3099 546 3159 dicitur.
603 3096 785 3157 Defecerant
821 3095 1020 3176 Byzantium,
1058 3094 1158 3165 Chios

177 3182 310 3257 Rhodos,
329 3181 400 3258 Ccs;
416 3184 576 3265 Philippus
591 3184 652 3244 iam
667 3188 738 3243 tunc
753 3182 874 3256 valens,
899 3181 1042 3257 Macedo,
1065 3184 1171 3243 multa.

112 3258 155 3322 35
176 3269 365 3331 moliebatur.
411 3270 492 3331 Huic
507 3271 587 3330 bello
608 3270 743 3348 gerendo
763 3270 935 3348 praefectus
959 3264 1076 3329 Chares
1091 3288 1158 3329 cunr

177 3368 266 3427 asset,
283 3376 342 3417 non
358 3357 432 3417 satis
446 3356 590 3436 praesidii
604 3357 636 3415 in
651 3376 686 3417 eo
701 3355 871 3436 putabatur.
896 3354 947 3415 Fit
961 3354 1159 3416 Menestheus

176 3448 308 3521 praetor,
324 3443 404 3503 tllius
420 3441 591 3522 Iphicratis,
607 3462 701 3521 gener
716 3440 874 3514 Timothei,
896 3447 928 3500 et
942 3445 976 3500 ut
991 3440 1029 3501 ad
1045 3441 1159 3501 bellum

177 3529 419 3605 proficisceretur
433 3527 614 3591 decernitur.
656 3528 737 3589 Huic
752 3527 886 3605 collegae
902 3527 1013 3588 dantur
1028 3527 1088 3590 duo
1103 3544 1159 3587 usu
