2504 4080
169 214 209 279 18
459 218 502 277 ΙΙ.
530 213 856 278 THEMISTOCLES.

167 391 198 449 et
219 388 279 449 fide
301 387 421 467 dignos.
471 388 515 449 At
534 388 754 450 Themistocles
780 389 888 450 eodem
912 393 1054 471 tempore
1074 392 1150 455 clam

166 474 251 534 misit
265 474 411 549 Athenas,
428 474 481 554 qui
495 475 614 554 legatos
630 473 852 555 Spartiatarum
866 475 993 537 retineri
1010 475 1152 540 iuberent

166 579 265 640 neque
278 561 363 641 prius
379 560 500 636 dimitti,
523 579 615 641 quam
627 560 695 641 ipss
709 559 849 622 redisset.
893 559 1025 622 Interim
1040 563 1151 643 reliqui

167 645 262 726 legati
276 649 347 708 sunt
361 646 523 709 consecuti.
568 646 597 707 A
611 647 720 725 quibus
736 664 805 706 oum
820 647 967 721 audisset,
990 667 1055 710 non
1076 649 1150 710 mul-

122 732 144 795 5
167 735 232 793 tum
247 752 407 815 superesse
421 732 606 806 munitionis,
622 732 699 792 adiit
727 731 837 792 deinde
860 732 1032 794 contionem
1059 733 1151 797 Lace·

167 818 394 881 daemoniorum
409 822 440 879 et
455 818 535 898 apud
549 837 618 879 eam
633 817 788 879 liberrime
808 818 963 899 professus
977 822 1035 894 est,
1057 819 1150 882 Athe

166 905 288 966 nienses
308 924 363 966 suo
384 905 523 978 consilio,
549 904 629 983 quod
650 903 717 964 iure
739 905 877 982 gentium
900 905 1001 965 lacere
1016 909 1149 986 possent,

166 992 239 1053 deos
256 989 405 1052 Graeciae
419 1008 595 1052 communes
611 1008 740 1069 suosque
760 990 877 1070 patrios
891 995 1077 1070 sopenates
1093 1010 1150 1073 quo

165 1076 286 1137 facilius
301 1077 340 1137 ab
355 1076 443 1137 hoste
457 1081 582 1156 possent
596 1076 773 1152 defendere,
795 1075 891 1136 muris
905 1076 1040 1156 sepsisse
1053 1096 1149 1158 neque

103 1163 145 1227 10
166 1161 198 1221 in
213 1181 258 1236 eo,
275 1163 355 1240 quod
370 1160 479 1222 inutile
494 1166 576 1224 esset
591 1159 752 1235 Graeciae,
774 1161 891 1222 fecisse.
936 1160 1017 1222 Nam
1040 1162 1087 1224 ita
1100 1165 1149 1224 de

166 1266 251 1307 mum
274 1248 529 1328 aequepotentia
550 1245 684 1310 Graecos
707 1248 787 1308 inter
815 1268 848 1308 se
878 1247 1026 1309 contineri
1052 1267 1148 1329 neque

166 1332 256 1393 aliter
273 1353 306 1395 se
329 1334 494 1414 quidquam
515 1334 650 1396 salutare
669 1333 700 1394 in
720 1334 856 1395 medium
877 1333 1037 1395 consulere
1052 1354 1148 1416 posse

165 1417 230 1479 Aut
243 1419 339 1500 igitur
354 1439 458 1482 omnes
469 1421 561 1481 urbes
573 1420 723 1483 sociorum
735 1419 801 1480 sine
812 1420 908 1480 muris
919 1439 987 1479 esse
998 1426 1146 1500 oportere,

165 1511 218 1566 aut
238 1506 314 1586 ipsis
334 1506 472 1581 concedi,
497 1510 532 1566 ut
552 1525 638 1567 suam
661 1506 768 1566 urbem
784 1502 983 1583 munirent*).
1029 1504 1146 1576 Quibus

103 1590 143 1655 15
165 1593 277 1653 auditis
291 1592 525 1655 Lacedaemonii
544 1612 605 1653 non
626 1602 766 1671 apertum
788 1591 912 1671 quidem
931 1591 1035 1651 odium
1051 1596 1146 1653 osten-

165 1677 284 1751 derunt,
308 1682 442 1739 attamen
458 1677 537 1738 clam
552 1677 789 1738 Atheniensibus
811 1678 1046 1753 succensebant,
1071 1676 1147 1758 quod

165 1781 199 1821 se
217 1761 323 1822 invitis
345 1763 377 1823 id
399 1762 479 1843 quod
503 1762 667 1823 voluerant
686 1763 893 1843 perfecissent.
939 1762 981 1823 nt
995 1763 1147 1845 utrimque
1177 1776 1180 1781 '

166 1847 263 1926 legati
278 1848 400 1911 domum
415 1848 536 1909 remissi
551 1855 630 1908 sunt.
657 1846 753 1909 Paulo
768 1852 838 1929 post
852 1849 1075 1910 Themistocles
1089 1848 1147 1913 alis

165 1934 282 1995 ratione
302 1935 379 1996 bene
402 1935 439 1995 de
461 1933 619 2014 republica
632 1933 753 1994 meruit.
799 1932 876 1995 Cum
891 1935 971 1996 enim
985 1934 1146 1997 Phalerico
1173 1972 1181 1981 ·

100 2019 144 2084 20
165 2022 255 2100 portu
276 2040 374 2101 neque
393 2039 503 2100 magno
532 2038 630 2098 neque
649 2019 728 2081 bono
750 2019 953 2081 Athenienses
978 2023 1146 2097 uterentur,

164 2106 254 2166 huius
265 2106 392 2168 consilio
403 2106 517 2185 triplex
528 2103 648 2166 Piraeei
659 2107 774 2186 portus,
791 2125 881 2184 quem
889 2107 951 2168 iarn
962 2111 1062 2184 antea,
1078 2126 1146 2169 oum
1186 2128 1190 2187 ¹,

165 2193 279 2252 archon
293 2195 383 2267 esset,
400 2192 605 2267 inchoaverat,
622 2191 805 2253 constitutus
827 2196 874 2253 est
888 2193 975 2272 isque
988 2194 1148 2255 moenibus
1188 2254 1190 2271 ,

165 2276 383 2353 circumdatus,
423 2280 457 2339 ut
483 2277 582 2358 ipsam
608 2278 714 2338 urbem
741 2277 894 2357 dignitate
925 2278 1148 2359 aequipararet,

163 2362 296 2424 utilitate
310 2368 476 2443 superaret.

99 2448 141 2512 25
163 2445 215 2507 IX
252 2447 366 2510 Tamen
381 2469 442 2511 non
457 2448 565 2528 cffugit
578 2447 727 2511 invidiam
747 2449 862 2510 civium
876 2468 1008 2511 suorum.
1052 2450 1147 2514 Nam·

163 2553 222 2613 que
244 2535 282 2595 ob
303 2536 434 2597 eundem
456 2537 608 2609 timorem,
632 2555 692 2616 quo
706 2534 863 2597 Miltiades
885 2536 1047 2597 damnatus
1070 2542 1147 2614 erat,

163 2621 345 2683 testularum
365 2621 518 2701 suffragiis
539 2641 556 2682 e
578 2621 704 2683 civitate
725 2623 840 2683 eiectus
854 2619 957 2701 Argos
976 2621 1148 2685 habitatum

164 2709 322 2770 concessit.
367 2708 427 2770 Hic
442 2729 511 2772 oum
526 2713 650 2789 propter
664 2709 777 2770 multas
792 2709 921 2770 virtutes
942 2727 1012 2769 snas
1033 2726 1148 2790 magna
1163 2712 1167 2719 '

163 2811 232 2853 oum
258 2795 409 2875 dignitate
433 2796 569 2868 viveret,
602 2793 835 2856 Lacedaemonii
859 2794 977 2874 legatos
1008 2792 1149 2857 Athenas

99 2875 142 2941 30
165 2878 322 2957 miserunt,
338 2882 390 2961 qui
405 2902 475 2943 eum
491 2885 678 2954 accusarent,
693 2879 773 2959 quod
788 2879 965 2941 societatem
986 2898 1056 2941 oum
1070 2901 1148 2962 rege

163 2961 330 3026 Persarum
344 2968 384 3028 ad
400 2966 562 3030 Graeciam
577 2964 806 3046 opprimendam
830 2965 960 3027 fecisset.
1005 2965 1075 3029 Hoc
1087 2969 1147 3031 ori·

164 3048 246 3111 mine
260 3051 370 3113 absens
384 3052 565 3132 proditionis
580 3050 742 3112 damnatus
763 3053 823 3124 est,
848 3069 917 3112 cnm
937 3054 1012 3132 suga
1032 3073 1067 3115 se
1086 3055 1157 3125 eri<

163 3134 291 3215 puisset,
306 3157 345 3197 ne
360 3156 484 3200 causam
499 3138 623 3198 diceret.
668 3136 698 3197 N
700 3155 749 3196 am
765 3154 833 3196 cnm
848 3138 1026 3216 audivisset,
1048 3139 1148 3203 Athe-

82 3272 86 3278 .
162 3220 284 3282 aienses
299 3223 435 3284 homines
458 3223 593 3296 misisse,
617 3222 669 3302 qni
692 3242 725 3282 se
741 3224 1031 3304 comprehenderent
1045 3230 1079 3288 et
1092 3227 1147 3290 do

232 3445 257 3507 ⁴¹)
282 3447 313 3498 Iu
336 3446 431 3499 diesem
453 3446 532 3499 Sinne
553 3446 650 3513 spricht
672 3447 855 3501 Themistokles
877 3401 945 3501 heinr
964 3449 1146 3516 Thucydidem

162 3533 215 3569 nse
232 3518 316 3584 Nepos
333 3515 379 3567 ibn
396 3530 475 3581 sagen
491 3516 566 3578 l'asst,
589 3517 623 3567 ist
640 3517 705 3569 nach
722 3517 882 3585 Nipperdcys
899 3517 1019 3583 ricbtiger
1037 3519 1145 3573 Benen-

161 3586 232 3651 hung
249 3599 306 3638 ann
324 3584 399 3636 Tbeil
416 3584 569 3651 unpasscnd.

194 3794 291 4070 s
