2504 4080
414 240 537 303 xum.
560 220 806 309 rruonuou
1050 242 1094 306 cs

108 416 205 498 guina
218 415 256 478 ab
266 412 450 490 Acheronte,
464 413 491 474 si
501 415 632 493 possent,
650 420 797 493 cuperent
807 418 966 480 redimere.
983 416 1092 499 Itaque

107 504 142 565 in
163 502 239 563 urbo
261 500 459 562 celeberrimo
481 500 547 563 loco
572 499 671 560 elatus
691 501 812 579 publice
834 505 966 584 sepulcri
986 524 1091 566 monu-

50 587 53 603 '
107 590 213 651 mento
235 588 363 649 donatus
385 590 440 647 est.
484 584 574 645 Diem
596 584 672 646 obiit
692 585 813 649 circiter
835 608 929 650 annos
944 591 1090 671 quinqua·

108 676 199 754 ginta
212 674 342 753 quinque
356 676 446 732 natus
460 675 602 751 quartum
616 674 685 751 post
700 689 820 748 anuum,
843 695 932 755 quam
948 696 989 736 ex
1002 675 1090 739 Pelo-

108 778 246 841 ponneso
264 759 296 819 iu
311 755 446 819 Siciliam
468 758 608 819 redierat.
653 755 725 818 Sine
746 760 837 821 dubio
857 761 937 823 Dion
956 763 1091 825 maxima
1133 752 1159 818 5

109 844 261 908 industria
279 844 312 904 id
331 845 454 923 agebat,
477 849 512 904 ut
531 864 580 904 res
601 841 775 906 Sicilienses
797 865 916 908 summa
938 848 1089 926 aequitate

109 931 315 1005 constitueret,
332 931 412 1009 quod
427 929 524 1011 primo
536 932 662 990 conatus
673 934 720 992 est
731 932 832 994 facere
842 953 897 1014 por
908 934 1089 1015 Dionysium

104 1018 257 1080 minorem
276 1020 364 1091 natu,
387 1036 477 1095 quem
498 1016 537 1077 ad
557 1016 706 1077 iustitiam
720 1023 752 1078 et
765 1020 1028 1081 mansuetudinem
1042 1039 1089 1080 re-

105 1105 220 1166 ducere
234 1102 359 1164 studuit.
393 1102 511 1163 Deinde
525 1120 599 1163 vero
615 1120 684 1162 cum
699 1123 736 1164 ea
750 1124 819 1185 spes
835 1127 904 1167 eum
919 1107 1088 1181 fefellisset,

106 1190 248 1251 omnibus
263 1188 381 1249 viribus
396 1189 479 1249 nisus
494 1191 554 1263 est,
577 1194 611 1248 ut
631 1189 718 1249 illum
734 1211 751 1250 θ
765 1212 860 1272 regno
875 1194 1045 1273 expelleret
1058 1200 1090 1254 et
1113 1184 1160 1250 lc

107 1276 271 1357 populares
286 1275 484 1355 opprimendo
500 1274 690 1354 optimatium
704 1275 865 1358 imperium
888 1280 1088 1357 confirmaret,

108 1360 221 1440 quain
239 1380 274 1421 re
295 1380 356 1421 non
377 1361 550 1439 negandum
575 1366 622 1420 est
642 1380 711 1421 eum
734 1364 947 1426 acrudelitate
962 1385 1022 1426 non
1038 1366 1088 1426 ab·

106 1446 271 1523 horruisse,
284 1466 353 1508 cum
360 1447 527 1507 adversarii
538 1445 686 1527 gravibus
697 1447 816 1508 iniuriis
827 1469 897 1510 eum
908 1450 1087 1512 affecissent.

495 1721 699 1732 ---——-·—-

381 1941 537 2024 xvffl.
566 1942 803 2025 Timoleon.

105 2117 280 2207 Truonuou,
302 2130 489 2205 Corinthius,
512 2132 577 2192 sine
599 2132 690 2194 dubio
711 2152 841 2212 magnus
861 2133 992 2194 omnium
1008 2134 1084 2194 iudi·
1107 2135 1124 2195 Ι

101 2219 151 2280 cio
177 2219 300 2280 exstitit.
359 2218 499 2297 Namque
524 2218 594 2278 huic
621 2220 762 2297 contigit,
796 2224 831 2280 ut
856 2222 887 2280 et
912 2219 1042 2300 patriam
1067 2239 1086 2281 a

102 2308 234 2384 tyranno
249 2305 401 2378 liberaret,
417 2313 448 2365 et
462 2324 480 2365 a
495 2303 664 2384 Syracusis,
683 2303 792 2384 quibus
807 2306 919 2368 auxilio
935 2310 1000 2368 erat
1013 2307 1085 2367 mis-

104 2410 174 2463 sus,
195 2390 256 2451 iam
275 2392 477 2451 inveteratam
492 2391 672 2451 servitutem
688 2392 856 2472 depelleret
870 2397 1024 2471 totamque
1041 2392 1085 2453 Si·

103 2476 208 2537 ciliam
222 2478 333 2537 multos
347 2496 441 2538 annos
456 2477 537 2538 bello
553 2481 697 2537 vexatam
706 2488 730 2539 'a
749 2478 946 2558 barbarisque
962 2498 1084 2558 oppres·
1107 2477 1128 2539 5

101 2582 169 2623 sam
195 2582 247 2625 suo
274 2564 409 2623 adventu
435 2563 466 2622 iu
492 2563 655 2642 pristinum
677 2564 859 2625 restitueret.
905 2562 965 2624 Sed
987 2566 1017 2623 in
1038 2565 1085 2623 his

100 2650 194 2709 rebus
214 2669 274 2711 uon
294 2649 388 2709 semel
409 2649 441 2708 vi
462 2650 601 2709 fortunae
623 2650 812 2711 conflictatus
828 2655 874 2711 est
889 2654 934 2723 et,
958 2650 990 2710 id
1005 2649 1085 2727 quod

101 2734 257 2795 difficilius
272 2738 409 2814 putatur,
432 2735 527 2795 multo
550 2734 716 2814 sapientius
730 2736 802 2795 tulit
816 2736 980 2797 secundam
995 2754 1085 2812 quam

100 2821 264 2881 aduersam
278 2822 439 2882 fortunam.
484 2819 563 2880 Nam
586 2840 656 2880 cum
677 2821 771 2881 frater
792 2821 856 2881 eius
872 2820 1083 2900 Timophanes,

100 2907 167 2967 dux
189 2905 389 2969 aOorinthiis
408 2908 556 2981 delectus,
581 2907 774 2987 tyrannidem
796 2927 850 2987 per
870 2907 984 2967 milites
1006 2926 1084 2967 mer·
1109 2904 1149 2968 10

101 2992 239 3055 cenarios
269 2998 461 3073 occupasset,
501 2994 713 3073 particepsque
748 2994 837 3072 regni
875 2996 979 3073 posset
1007 3014 1084 3070 esse,

99 3086 220 3140 tantum
246 3081 323 3141 afuit
346 3098 364 3139 a
385 3080 530 3139 societate
553 3080 691 3153 sceleris,
718 3081 752 3140 ut
773 3081 939 3141 anteferret
970 3081 1084 3141 civium

100 3185 225 3226 suorum
234 3166 406 3226 libertatem
414 3165 518 3225 fratris
527 3167 617 3227 saluti
630 3173 775 3244 etparere
785 3166 915 3245 legibus,
929 3186 1019 3246 quam
1029 3168 1083 3226 im·

98 3271 209 3331 perare
226 3252 345 3333 patriae
366 3252 461 3312 satius
477 3251 609 3311 duceret.
655 3251 722 3313 Hac
744 3261 846 3314 mente
868 3273 923 3334 per
938 3253 1082 3332 Satyrum

98 3338 293 3436 haruppicem
308 3356 557 3416 communemque
573 3337 694 3398 affinem
709 3336 906 3420 Aeschylum,
924 3339 975 3417 qui
990 3340 1084 3399 frater
1107 3332 1147 3396 15

98 3444 206 3486 uxoris
220 3424 416 3505 Timophanis
432 3425 505 3497 erat,
521 3426 647 3484 fratrem
662 3426 826 3503 tyrannum
841 3422 1082 3485 interficiendum

99 3510 229 3571 curavit.
254 3511 325 3592 Ipse
336 3529 397 3570 non
408 3509 496 3569 modo
511 3528 619 3570 manus
633 3529 694 3569 non
705 3511 816 3586 attulit,
832 3511 935 3570 sedne
947 3509 1083 3588 aspicere

100 3597 225 3676 quidem
238 3597 405 3660 fraternum
422 3594 601 3675 sanguinem
616 3595 721 3657 voluit.
766 3596 846 3657 Nam
862 3596 934 3656 dum
948 3614 998 3656 res
1013 3613 1081 3655 con·
