2504 4080
421 195 475 256 Vl.
500 192 762 258 ALCIBIADES.
1038 194 1081 259 37

101 387 189 431 reum
205 368 349 437 lecerunt
396 365 466 437 Qus
486 366 524 428 de
544 386 578 428 re
600 384 670 429 cum
684 367 713 431 ei
727 368 852 430 nuntius
867 388 887 438 a
900 368 1083 449 magistratu

101 455 138 522 in¹
150 451 285 521 Siciliam
299 453 381 515 esset
395 452 516 528 missus,
539 457 575 514 ut
589 453 713 515 domum
727 454 767 516 ad
782 473 905 521 censam
921 454 1083 525 dicendam

100 539 232 615 rediret,
252 541 393 618 essetque
415 538 447 598 in
469 557 580 618 magna
601 559 655 620 spe
670 539 847 620 provinciae
861 541 942 603 bene
954 540 1081 603 admini-

101 625 259 701 strandae,
281 644 342 689 non
363 643 471 706 parere
493 624 592 687 noluit
613 629 645 685 et
666 644 752 687 suem
775 625 871 706 ipsius
886 646 997 689 navem
1012 644 1081 691 con·

104 711 230 786 scendit,
246 729 306 791 qus
318 709 435 772 triremi
450 711 573 791 publica
588 710 751 773 comitante
766 711 896 773 Thurios
911 712 944 772 in
958 700 1082 781 ltaliam
1103 705 1128 770 5

101 799 263 879 pervectus
278 800 333 858 est.
378 795 480 858 Multa
494 799 596 858 autem
611 815 715 859 secum
728 800 873 879 reputans
888 797 927 861 de
937 797 1082 861 immede

99 886 167 947 rata
182 881 295 943 ciuium
310 900 434 943 suorum
448 881 573 944 licentia
588 882 828 964 crudelitateque
839 883 987 947 adversus
999 883 1083 944 nobi·

99 970 145 1031 les
164 966 361 1031 utilissimum
380 970 466 1029 retus
488 967 714 1050 impendentem
737 970 856 1032 evitare
870 970 1084 1051 tempestatem

101 1056 184 1121 clam
195 1074 230 1114 se
244 1055 283 1116 ab
298 1053 474 1116 custodibus
489 1055 637 1117 subduxit
652 1057 683 1116 et
697 1055 768 1117 inde
783 1056 916 1137 primum
932 1052 1083 1136 Cyllenen

99 1141 132 1203 in
153 1139 289 1216 Elidem,
314 1139 424 1201 deinde
446 1139 564 1205 Thebes
586 1141 680 1205 venit.
736 1142 904 1222 Postquam
925 1144 1028 1204 autern
1048 1159 1082 1203 se
1105 1131 1149 1203 10

100 1226 209 1309 capitis
229 1226 406 1289 damnatum
427 1227 514 1289 bonis
543 1227 707 1308 publicatis
734 1228 867 1303 audivit,
895 1229 926 1289 et
947 1227 978 1288 id
1002 1228 1085 1307 quod

99 1332 160 1375 usu
180 1314 321 1387 uenerat,
348 1309 548 1393 Eumolpidas
574 1315 750 1379 sacerdotes
775 1334 794 1377 a
819 1313 931 1395 populo
952 1316 1082 1388 coactos,

100 1402 135 1462 ut
160 1417 194 1460 se
215 1398 403 1461 devoverent
424 1398 551 1479 eiusque
571 1399 743 1463 deuotionis
763 1418 821 1480 quo
842 1399 982 1465 eesatior
1002 1403 1085 1460 esset

101 1484 258 1561 memoria,
274 1484 449 1565 exemplum
464 1484 496 1545 in
510 1484 573 1566 pila
587 1485 709 1565 lapidea
722 1483 852 1546 incisum
867 1503 934 1544 esse
950 1482 1084 1564 positum

99 1568 1085 1723 Laedneuziae
1106 1558 1153 1627 ¹⁵

101 1740 240 1803 inimicos
267 1760 337 1805 suos
364 1701 480 1803 belldm
504 1742 615 1821 gessit,
643 1674 836 1822 quodpiidem
858 1702 961 1805 bostes
982 1744 1085 1804 essent

102 1827 235 1901 ciuitati;
262 1846 332 1889 nam
357 1846 427 1889 cum
452 1827 662 1908 intelligerent
686 1848 720 1889 se
747 1828 913 1909 plurimum
939 1826 1085 1906 prodesse

101 1931 193 1994 posse
205 1911 405 1993 reipublicae,
429 1932 470 1975 ex
491 1932 529 1975 ee
542 1913 668 1976 eiecisse
682 1914 812 1995 plusque
826 1913 891 1975 irae
906 1930 980 1973 suae
994 1930 1085 1991 quarn

102 1997 229 2060 utilitati
243 1997 385 2079 publicae
400 1999 547 2078 paruisse.
1105 1988 1160 2063 20.

190 2079 267 2149 Cum
282 2103 316 2145 se
329 2084 421 2165 plane
436 2084 475 2145 ad
490 2103 590 2146 mores
604 2082 912 2147 Lacedaemoniorum
926 2081 1081 2163 simplices
1102 2076 1150 2140 v1

102 2178 135 2231 et
155 2188 279 2233 severos
297 2169 557 2246 accommodaret,
581 2169 669 2231 breui
694 2172 831 2250 tempore
850 2188 885 2230 se
905 2168 937 2229 in
952 2167 1085 2248 graciam

103 2274 209 2320 eorum
223 2255 398 2330 insinuavit,
414 2259 449 2316 ut
463 2255 602 2317 omnibus
618 2254 752 2319 consiliis
766 2254 897 2334 publicis
913 2253 1084 2316 interesset.

101 2339 208 2404 Facile
221 2339 317 2421 igitur
331 2340 469 2421 perfecit,
483 2343 518 2402 ut
532 2341 706 2422 petentibus
721 2339 871 2402 auxilium
885 2338 1086 2421 Syracusanis

102 2425 233 2492 classem
247 2427 279 2487 in
294 2423 430 2489 Siciliam
446 2423 581 2509 Gylippo
596 2428 673 2488 duce
693 2425 864 2500 mitterent,
886 2445 945 2506 quo
960 2426 1040 2489 facto
1055 2426 1087 2485 et
1107 2416 1159 2491 25.

101 2511 135 2573 hi
150 2511 234 2577 uires
247 2515 478 2592 resumpserunt
492 2515 523 2572 et
537 2531 587 2574 res
601 2510 836 2575 Atheniensium
851 2511 947 2592 affligi
963 2516 1088 2591 coeptae

104 2600 184 2660 sunt.
208 2595 355 2660 Eiusdem
370 2596 496 2659 consilio
511 2597 744 2661 Lacedaemonii
758 2595 922 2661 Deceleam
936 2596 969 2657 in
983 2595 1088 2663 Attica

102 2682 299 2744 muniverunt
312 2682 526 2764 praesidioque
546 2682 590 2744 ibi
609 2685 756 2763 perpetuo
771 2681 870 2763 posito
884 2682 915 2742 in
931 2680 1087 2747 obsidione

101 2768 241 2832 Athenas
256 2771 427 2833 tenuerunt.
450 2767 523 2848 Ipse
538 2770 640 2830 autem
654 2767 687 2829 in
697 2767 816 2829 Ioniam
827 2767 981 2847 protectus
993 2766 1086 2829 socie·

103 2856 199 2919 tatem
214 2860 245 2915 et
259 2854 426 2916 amicitiam
439 2853 519 2916 inter
533 2872 639 2933 regem
654 2851 820 2915 Persarum
840 2853 871 2913 et
884 2851 1086 2919 Lacedaemo·
1109 2844 1152 2913 30

104 2937 171 3005 nice
186 2938 376 3016 conciliarit,
397 2958 457 3020 quo
476 2940 668 3014 factumest,
690 2939 726 2999 ut
747 2941 778 3000 et
794 2937 882 3001 Ionis
903 2958 921 3002 a
942 2939 1088 3001 societate

103 3023 339 3088 Atheniensium
360 3027 552 3088 averteretur
574 3027 606 3087 et
620 3025 699 3091 aliae
713 3023 854 3089 civitates
872 3024 911 3089 ab
933 3023 971 3087 iis
992 3023 1088 3087 desci-

104 3113 225 3177 scerent
244 3113 276 3173 et
296 3112 336 3175 ad
357 3114 460 3192 partes
480 3110 790 3175 Lacedaemoniorum
811 3111 977 3175 transirent
997 3110 1089 3190 hique

104 3195 201 3263 multo
221 3197 393 3278 superiores
416 3196 498 3259 bello
519 3217 587 3260 esse
606 3197 785 3278 inciperent.
828 3196 936 3278 Neque
950 3216 1024 3259 vero
1039 3195 1088 3257 his

103 3282 198 3349 rebus
214 3284 278 3350 tam
291 3282 383 3349 amici
397 3282 568 3348 Alcibiadis
583 3286 654 3345 sunt
667 3280 751 3359 facti,
768 3303 858 3364 quam
873 3284 984 3346 timore
998 3281 1036 3344 ab
1051 3299 1087 3343 eo
1110 3271 1154 3341 35

103 3367 236 3435 alienati.
264 3366 345 3431 Nam
361 3388 431 3431 cum
445 3368 586 3431 acerrimi
600 3368 661 3429 viri
675 3372 883 3450 praestantem
897 3365 1090 3451 prudentiam

104 3453 136 3517 in
151 3453 292 3521 amnibus
305 3454 397 3515 rebus
412 3458 641 3534 cognoscerent,
658 3453 894 3536 pertimuerunt,
911 3450 1092 3519 necesitate

104 3539 225 3621 patriae
239 3539 349 3607 ductus
363 3539 526 3619 aliquando
542 3541 580 3608 ab
595 3540 670 3623 ipsis
685 3539 869 3607 descisceret
890 3542 922 3600 et
943 3556 1012 3599 cum
1026 3536 1092 3606 suis
