2504 4080
409 245 497 333 ΧΠ.
520 243 716 309 escoron.
1012 243 1052 308 st

66 419 192 481 dandae
215 417 421 498 improbabat,
454 437 524 479 cum
546 416 785 478 Atheniensibus
810 417 893 479 vires
921 418 960 479 ad
985 436 1054 479 eam

69 504 218 567 tuendam
232 504 339 565 deesse
352 507 481 584 putaret.
504 503 613 584 Itaque
627 504 693 564 eius
707 503 855 564 rationem
867 503 1055 584 reipublicae

72 589 276 673 perniciosam
301 607 427 650 censens
448 594 480 651 et
506 591 630 670 optabat
656 592 688 650 et
714 589 852 651 omnibus
878 590 996 650 viribus
1021 590 1054 651 id

67 677 195 757 agebat,
208 680 244 736 ut
254 679 489 756 perverteretur.
514 673 653 738 Concidit
663 678 764 739 autem
775 673 910 737 Phocion
920 675 1055 736 maxime

75 782 138 824 nno
149 762 282 838 crimine,
294 762 453 841 quodcum
463 763 871 843 apudeumessetsummum
883 761 1053 841 imperium,
1076 759 1097 824 5

70 868 147 911 *oum
160 846 291 909 Nicanor
304 848 432 911 Macedo
447 849 486 909 ad
501 868 571 909 eum
585 849 617 908 in
631 848 793 909 Piraeeum
807 847 951 921 venisset,
968 851 1003 908 ut
1017 848 1055 908 de

74 933 242 1014 Monychia
252 933 399 995 tradenda
409 939 523 1013 ageret,
540 935 627 995 illum
638 934 821 995 incolumem
831 933 946 994 dimisit
956 953 1055 1013 neque
1169 952 1172 957 ’

66 1020 155 1101 -qued
169 1019 329 1100 Dercylus,
346 1020 397 1099 qui
412 1021 479 1100 ipse
493 1041 612 1101 quoque
627 1021 692 1080 dux
707 1025 780 1095 erat,
797 1019 904 1093 voluit,
920 1038 1054 1100 compre-

72 1104 187 1167 hendit
245 1105 363 1167 Deinde
388 1106 513 1167 nuntius
538 1107 577 1167 ad
601 1105 969 1186 Athenienses'perlatus
998 1109 1053 1180 est,

65 1191 257 1253 Nicanorem
266 1191 299 1252 id
310 1211 411 1271 agere,
423 1196 458 1254 ut
469 1193 630 1254 Piraeeum
640 1200 814 1274 occuparem
829 1192 910 1272 quod
920 1193 1056 1254 delatum
1080 1188 1122 1255 10
1163 1182 1177 1217 '

73 1278 113 1340 ad
125 1277 311 1339 Phocionem
330 1279 369 1338 ab
395 1297 430 1340 eo
452 1280 628 1358 neglectum
649 1284 710 1353 est,
733 1297 916 1359 quamquam
935 1278 1055 1360 populi-

72 1364 183 1425 scitum
203 1364 317 1425 factum
331 1369 410 1439 erat,
438 1367 472 1424 ut
497 1384 602 1426 omnes
626 1366 738 1426 armati
762 1363 908 1424 Phocioni
932 1369 1054 1444 praesto

72 1452 184 1510 essent.
231 1446 307 1510 (lum
332 1469 405 1511 vero
430 1469 490 1510 non
514 1452 557 1511 ita
576 1451 672 1511 multo
695 1451 764 1530 post
778 1449 913 1510 Nicanor
926 1450 1054 1511 Piraeeo

71 1535 189 1616 potitus
204 1541 293 1610 esset,
308 1534 512 1597 Athenienses
527 1537 556 1596 ei
571 1540 676 1596 contra
686 1535 869 1595 Nicanorem
880 1535 1053 1615 profecturo

69 1622 155 1683 dicto
182 1621 338 1682 audientes
364 1641 431 1682 esse
453 1622 623 1682 noluerunt.
667 1619 744 1681 Sunt
767 1622 819 1700 qui
840 1621 963 1682 tradant
984 1640 1054 1681 eum
1077 1617 1118 1681 15

73 1707 281 1787 negligentius
296 1708 396 1786 egisse
411 1706 501 1767 nimis
515 1708 628 1767 fretum
643 1707 703 1768 fide
718 1707 894 1782 Nicanoris,
917 1707 970 1768 alii
985 1726 1054 1767 cen·

71 1800 158 1868 sent,
184 1813 253 1853 eum
275 1813 335 1855 non
355 1794 482 1854 moleste
504 1793 626 1867 tulisse,
654 1794 735 1874 quod
749 1793 873 1854 licentia
887 1794 985 1873 plebis
999 1813 1054 1874 per

74 1878 256 1939 Nicanorem
271 1879 471 1940 cohiberetur.
1165 1928 1167 1933 .

163 1961 259 2025 Erant
279 1985 314 2026 eo
335 1968 470 2044 tempore
485 1964 614 2026 Athenis
638 1965 714 2026 duae
735 1964 898 2040 factiones,
926 1983 1054 2044 quarum
1076 1962 1129 2024 III

78 2067 138 2111 una
160 2051 261 2130 populi
282 2069 405 2112 oausam
427 2052 551 2130 agebat,
574 2052 671 2111 altera
693 2051 892 2131 optimatium.
937 2050 974 2110 In
996 2051 1053 2110 hac
1075 2045 1118 2110 20

74 2137 142 2197 erat
161 2134 295 2198 Phocion
316 2141 347 2197 et
368 2137 541 2199 Demetrius
563 2136 738 2198 Phalereus
783 2136 903 2196 Harum
925 2139 1054 2215 utraque

70 2221 274 2283 Macedonum
295 2224 470 2303 patrociniis
490 2224 639 2284 utebatur.
684 2222 764 2282 Nam
784 2223 946 2302 populares
960 2221 1053 2302 Poly-

73 2307 248 2387 sperohonti
261 2308 413 2384 favebant,
429 2310 590 2390 optimates
602 2328 671 2378 cum
683 2306 854 2370 Cassandro
869 2308 1053 2382 sentiebant;
1124 2381 1126 2385 Ι

72 2393 100 2452 is
123 2412 196 2455 vero
217 2393 428 2455 eMacedonia
449 2396 617 2473 aufugerat.
665 2391 741 2455 Cum
756 2394 918 2476 Antipatro
933 2397 1052 2455 mortuo

72 2478 303 2560 Polysperchon
317 2481 444 2541 tutelam
455 2482 537 2560 regis
548 2481 739 2561 suscepisset,
755 2500 792 2542 ea
803 2500 879 2560 quae
889 2479 1053 2560 Antipater
1075 2475 1117 2541 25

71 2565 247 2626 instituerat
270 2567 393 2627 sustulit
427 2571 458 2626 et
482 2568 644 2647 imperium
675 2567 821 2647 populare
846 2567 993 2640 restituit,
1018 2570 1053 2627 ut

71 2651 178 2732 populi
192 2652 325 2730 gratiam
340 2653 397 2714 sibi
412 2653 593 2714 conciliaret.
639 2650 813 2713 Alexander
828 2656 938 2725 autem,
960 2651 1053 2731 Poly-

72 2738 263 2817 sperchontis
283 2739 377 2813 filius,
406 2738 544 2799 Athenas
564 2738 662 2811 venit,
689 2742 725 2797 ut
747 2740 812 2818 ipse
834 2737 996 2798 Piraeeum
1022 2740 1053 2797 et

73 2822 272 2904 Munychiam
287 2829 463 2904 occuparet,
486 2828 518 2884 et
539 2843 607 2884 cum
622 2843 657 2884 eo
672 2842 733 2884 una
747 2823 922 2904 populares,
948 2822 999 2902 qui
1013 2823 1051 2884 ab

72 2907 237 2989 Antipatro
263 2911 384 2990 expulsi
409 2914 504 2972 erant.
560 2910 628 2979 Quo
654 2909 733 2969 facto
760 2909 890 2990 populus
915 2909 1053 2989 superior
1075 2905 1119 2971 30

71 2994 172 3056 factus
194 2996 298 3056 statim
321 2998 412 3057 duces
435 2997 627 3057 adversariae
649 2996 745 3076 partis
768 2996 876 3076 capitis
895 2995 1053 3058 damnatos

74 3081 175 3161 patria
189 3083 332 3162 propulit,
349 3082 482 3144 Phocion
498 3087 599 3143 autem
611 3102 629 3143 a
639 3082 822 3160 magistratu
836 3086 971 3143 remotus
985 3102 1054 3162 pro·

69 3167 199 3229 ditionis
222 3172 380 3229 accusatus
401 3173 461 3244 est,
485 3188 542 3249 quo
565 3170 645 3230 facto
660 3188 694 3229 se
708 3169 747 3229 ad
761 3168 1054 3248 Polysperchontem

74 3254 217 3330 contulit,
243 3258 278 3314 ut
304 3274 336 3315 se
358 3255 405 3314 illi
427 3260 585 3336 purgaret;
614 3255 667 3315 sed
690 3256 821 3337 populus
844 3255 910 3335 ipse
936 3274 1053 3334 quoque

72 3339 192 3418 legatos
207 3340 247 3401 ad
260 3339 347 3401 illum
368 3340 465 3414 misit,
489 3342 540 3419 qui
555 3340 738 3402 Phocionem
753 3344 938 3402 accusarent.
984 3338 1052 3408 Quo
1075 3332 1119 3398 35

71 3429 108 3487 ut
130 3425 230 3503 venit,
252 3444 374 3487 causam
394 3427 475 3506 apud
489 3425 663 3506 Philippum
680 3447 785 3506 regem
799 3427 906 3500 verbo,
930 3445 964 3484 re
984 3424 1052 3503 ipsa

72 3512 196 3591 quidem
217 3512 298 3593 apud
312 3511 603 3592 Polysperchontem
624 3513 726 3573 iussus
747 3516 794 3572 est
808 3513 916 3572 dicere.
961 3509 1054 3570 Nam-

67 3617 133 3678 que
148 3599 175 3659 is
189 3601 254 3661 tum
268 3599 351 3679 regis
366 3599 458 3659 rebus
472 3602 620 3679 praeerat.
666 3597 727 3659 Hic
741 3599 779 3660 ab
790 3595 952 3676 Agnonide
967 3614 1055 3657 accu-
