2504 4080
431 249 521 309 xlx.
545 247 751 311 EUMENES.
1018 246 1079 311 101

102 441 162 483 000
182 422 393 492 deseruerant,
416 420 553 481 exercitu
574 419 753 499 suffragium
774 421 890 481 ferente
906 421 1015 501 capitis
1029 422 1081 482 ab·

99 513 199 569 sentes
222 508 418 582 damnantur,
442 507 473 566 in
495 497 539 566 eis
561 505 723 567 Eumenes⁴
768 505 835 566 Hac
855 506 908 567 ille
923 507 1082 587 perculsus

99 595 193 674 plaga
207 613 267 654 non
282 592 440 654 succubuit
454 612 552 671 neque
562 613 598 653 eo
610 593 709 652 secius
720 592 835 652 bellum
846 593 1080 654 administravit

99 679 159 740 Sed
175 680 272 740 exiles
287 700 336 739 res
352 679 445 739 animi
468 678 709 755 magnitudinem
730 678 789 738 etsi
809 697 868 738 non
889 679 1080 758 frangebant,

99 770 201 826 tamen
227 766 410 826 minuebant.
467 763 558 824 Hunc
583 782 768 844 persequens
794 762 983 842 Antigonus,
1010 785 1080 826 cum
1101 762 1123 827 5

102 851 182 912 omni
211 871 323 929 genere
349 851 504 930 copiarum
531 850 716 924 abundaret,
748 868 838 929 saepe
864 850 896 909 in
921 850 1080 912 itineribus

102 938 270 998 vexabatur
294 955 390 1016 neque
413 954 557 1015 umquam
580 936 618 997 ad
645 955 768 996 manum
795 935 939 996 accedero
959 937 1079 1012 licebat,

102 1023 160 1084 nisi
182 1023 226 1082 eis
241 1023 324 1097 loeis,
350 1023 459 1101 quibus
474 1022 562 1102 pauci
578 1021 682 1082 multis
697 1026 821 1102 possent
835 1022 987 1084 resistere.
1021 1021 1082 1083 Sed

101 1116 239 1170 extremo
256 1113 404 1188 ternpore,
422 1109 631 1170 cumconsilio
648 1109 714 1188 capi
729 1127 789 1168 uon
811 1113 923 1187 posset,
947 1109 1082 1170 multitu-

101 1196 172 1271 dine
194 1196 417 1255 circumventus
438 1201 492 1254 est.
537 1193 619 1254 Hinc
641 1199 744 1255 tamen
763 1195 868 1254 multis
883 1194 946 1254 suis
961 1194 1082 1256 amissis
1105 1192 1147 1257 10

101 1301 135 1341 00
151 1281 309 1361 expedivit
323 1287 355 1341 et
369 1281 401 1340 in
416 1281 575 1341 castellum
592 1281 622 1341 in
638 1281 765 1342 confinio
777 1280 947 1360 Lycaoniae
963 1287 994 1342 et
1006 1277 1082 1362 Cap·

100 1367 245 1448 padociae
261 1367 367 1443 situm,
390 1367 470 1446 quod
485 1366 569 1427 Nora
583 1360 763 1447 appellatur,
780 1367 924 1447 confugit.
970 1366 1008 1428 In
1023 1388 1082 1447 quo
1146 1364 1149 1369 ⁴
1208 1360 1212 1373 '

101 1473 171 1513 cum
187 1453 461 1513 circumsederetur
484 1455 516 1512 et
535 1461 708 1526 vereretur,
732 1472 771 1512 ne
790 1472 849 1513 uno
873 1454 937 1513 loco
958 1472 1084 1514 manens

101 1559 196 1619 equos
210 1539 358 1598 militares
373 1540 522 1618 perderet,
540 1539 619 1616 quod
631 1538 762 1618 spatium
774 1558 833 1598 non
845 1543 926 1597 esset
937 1539 1082 1621 agitandi,

103 1625 248 1686 callidum
263 1625 320 1685 fuit
334 1625 400 1685 eius
415 1624 582 1699 inventum,
598 1624 852 1703 quemadmodum
868 1630 951 1684 stans
967 1625 1082 1685 iumen·
1105 1621 1147 1685 15

103 1715 169 1773 tum
185 1710 357 1771 concalfieri
372 1711 570 1789 exercerique
585 1718 695 1790 posset,
711 1718 746 1771 nt
761 1717 793 1770 et
807 1730 842 1772 eo
856 1710 1001 1771 libentius
1016 1712 1082 1772 cibo

103 1802 240 1858 uteretur
254 1817 352 1875 neque
367 1797 535 1876 a'corporis
551 1800 635 1857 motu
649 1801 866 1858 removeretur.
890 1794 1084 1878 Substringe·

104 1883 160 1944 bat
173 1888 263 1963 caput
276 1884 341 1943 loro
367 1883 475 1958 altius,
503 1902 595 1962 quam
616 1888 651 1944 ut
671 1883 823 1963 prioribus
845 1883 974 1962 pedibus
994 1884 1084 1963 plana

107 1970 217 2029 terram
232 1976 336 2048 posset
351 1969 516 2046 attingere,
539 1969 649 2029 deinde
670 1976 739 2048 post
760 1969 939 2028 verberibus
955 1971 1085 2050 cogebat

108 2055 243 2115 exultare
273 2060 304 2114 et
334 2054 432 2114 calcos
461 2055 626 2115 remittere.
679 2053 740 2123 Qui
766 2061 866 2115 motus
895 2074 955 2115 non
984 2051 1149 2116 10100020

107 2141 247 2202 sudorem
262 2141 450 2214 excutiebat,
473 2159 564 2219 quam
586 2141 612 2200 si
627 2139 658 2199 10
674 2141 772 2220 spatio
788 2140 970 2200 decurreret.
1016 2140 1084 2210 Quo

105 2227 218 2288 factum
240 2234 300 2300 est,
323 2226 404 2305 quod
424 2226 563 2286 omnibus
584 2226 723 2286 mirabile
744 2230 791 2286 est
805 2227 920 2299 visum,
942 2231 1087 2306 utaequa

102 2312 239 2373 iumenta
259 2311 357 2373 nitida
378 2332 418 2372 ex
439 2312 562 2373 castello
588 2313 745 2388 educeret,
772 2332 841 2373 cum
867 2312 981 2373 diutius
1007 2333 1085 2374 anuo

105 2399 136 2459 in
170 2400 324 2460 obsidione
358 2399 482 2474 suisset,
519 2418 555 2460 ae
581 2400 606 2460 si
632 2400 663 2461 in
696 2400 916 2481 campestribus
949 2419 986 2461 ea
1011 2399 1086 2462 10010

105 2485 268 2545 habuisset.
292 2485 330 2544 In
345 2486 402 2545 hac
417 2485 609 2547 conclusione
624 2487 870 2565 quotiescumque
885 2487 984 2547 voluit
995 2505 1085 2566 appa·
1107 2481 1152 2546 25

103 2575 205 2631 ratum
220 2576 251 2631 et
266 2571 448 2631 munitiones
459 2569 608 2650 Antigoni
623 2573 699 2633 alias
710 2572 853 2646 incendit,
869 2571 946 2632 alias
958 2572 1085 2631 disiecit.

105 2656 217 2717 Tenuit
232 2664 332 2717 autem
349 2677 382 2716 se
397 2675 456 2717 uno
471 2657 537 2718 loco
554 2677 608 2737 per
623 2663 719 2718 totum
741 2677 869 2730 annum,
892 2657 972 2735 quod
987 2659 1087 2716 castra

106 2743 162 2802 sub
178 2743 227 2803 dio
242 2744 355 2803 habere
369 2762 428 2802 uon
444 2748 571 2822 poterat.
609 2741 673 2803 Ver
693 2744 764 2803 0001
779 2742 965 2821 insequentis
980 2760 1087 2821 appro-

105 2828 284 2909 pinquabat:
320 2829 463 2889 simulata
491 2829 658 2902 deditione,
697 2830 768 2889 dum
799 2829 837 2888 de
867 2827 1088 2888 conditionibus

106 2920 224 2988 tractat,
240 2916 402 2994 praefectis
413 2914 561 2995 Antigoni
576 2915 729 2994 imposuit,
745 2934 837 2994 seque
852 2933 887 2974 ac
901 2932 971 2975 suos
983 2933 1087 2975 omncs
1109 2911 1154 2974 30

107 3002 243 3061 extraxit
258 3002 433 3062 incolumes.

192 3087 242 3147 Ad
254 3087 333 3147 hunc
343 3085 511 3169 Olympiae,
524 3090 623 3148 mater
630 3106 707 3167 quae
718 3087 819 3147 luerat
826 3086 1006 3163 Alexandri,
1018 3106 1088 3148 oum
1114 3085 1158 3146 VI

107 3172 225 3232 litteras
240 3181 272 3233 et
286 3174 409 3233 nuntios
424 3174 558 3234 misisset
577 3175 607 3233 in
623 3174 729 3234 Asiam
746 3174 932 3248 consultum,
954 3194 1026 3235 num
1041 3192 1088 3232 re-

106 3279 202 3339 gnum
212 3261 377 3339 repetitum
389 3260 420 3319 in
431 3259 640 3321 Macedoniam
652 3259 772 3320 veniret
785 3260 869 3339 (nam
881 3270 944 3320 tum
957 3261 987 3319 in
995 3259 1087 3337 Epiro

107 3342 278 3427 habitabat)
291 3349 321 3405 et
332 3363 384 3404 eas
395 3364 444 3405 res
456 3349 625 3426 occuparet,
638 3346 709 3405 huic
720 3345 774 3406 ille
785 3346 918 3426 primum
930 3345 1033 3415 suasit,
1049 3362 1088 3403 ne
1109 3337 1154 3402 35

108 3450 142 3490 00
154 3436 291 3492 moveret
302 3435 333 3490 et
348 3436 549 3512 exspectaret,
565 3433 664 3509 quoad
678 3431 850 3492 Alexandri
864 3431 945 3490 filius
959 3448 1090 3506 regnum

110 3517 343 3596 adipisceretur:
359 3518 406 3577 sin
422 3518 524 3596 aliqua
545 3517 710 3596 cupiditate
730 3529 888 3598 raperetur
903 3517 933 3576 in
948 3515 1090 3577 Macedo-

109 3603 206 3679 niam,
231 3603 464 3665 oblivisceretur
485 3602 619 3663 omnium
640 3603 819 3664 iniuriarum
841 3604 872 3663 et
892 3601 924 3662 in
938 3601 1091 3662 neminem
