2542 4088
245 271 308 339 128
642 272 827 339 ATTICUS.

241 447 315 509 dato
326 447 428 510 omnia
433 466 561 510 munera
571 446 609 522 ei,
623 466 701 527 quae
712 445 842 508 Athenis
854 448 1021 527 acceperat,
1034 446 1233 528 proficiscens

241 533 333 594 iussit
348 534 468 596 deferri.
512 533 573 595 Hic
588 533 759 614 complures
773 552 868 595 annos
883 536 1032 608 moratus,
1054 551 1125 595 oum
1139 537 1173 594 et
1186 534 1232 597 rei

242 619 386 681 familiari
409 624 528 681 tantum
543 638 653 700 operae
673 620 774 694 daret,
801 623 950 699 quantum
975 637 1036 680 non
1061 619 1231 701 indiligens

243 704 368 766 deberet
379 706 609 786 paterfamilias,
630 710 661 765 et
672 705 772 766 omnia
782 705 901 785 reliqua
911 708 1050 785 tempora
1059 708 1115 766 aut
1131 706 1231 767 literis

193 787 222 852 5
243 796 296 851 aut
320 791 553 853 Atheniensium
586 791 772 870 reipublicae
804 791 966 865 tribueret,
1003 791 1100 853 nihilo
1129 792 1231 853 minus

244 877 350 938 amicis
364 879 482 939 urbana
496 877 596 939 officia
611 876 772 957 praestitit
795 875 875 939 Nam
887 880 919 937 et
933 876 973 937 ad
988 877 1112 939 comitia
1126 897 1232 939 eorum

244 964 417 1038 ventitavit,
434 964 505 1024 etsi
520 971 646 1042 quares
662 962 758 1023 maior
773 964 842 1023 acta
856 966 977 1023 estnon
992 962 1099 1024 defuit
1144 962 1232 1024 Sicut

245 1046 385 1110 Ciceroni
399 1051 432 1109 in
446 1049 585 1110 omnibus
600 1049 666 1109 eius
681 1048 825 1128 periculis
840 1047 1030 1125 singularem
1040 1048 1134 1109 fidem
1143 1068 1230 1129 prae-

243 1134 324 1195 buit:
345 1135 394 1195 cui
413 1154 455 1194 ex
474 1134 574 1213 patria
597 1134 729 1212 fugienti
749 1131 803 1193 HS
818 1134 949 1194 ducenta
963 1137 995 1195 ot
1008 1134 1231 1214 quinquaginta

180 1217 223 1280 10
244 1220 330 1280 milia
345 1219 480 1280 donavit.
524 1219 743 1299 Tranquillatis
757 1222 859 1280 autem
873 1220 964 1280 rebus
978 1218 1126 1281 Romanis
1141 1221 1230 1284 remi·

245 1305 350 1382 gravit
364 1304 508 1380 Romam,
534 1309 569 1365 ut
583 1306 698 1385 opinor,
713 1305 747 1365 L.
766 1301 856 1365 Cotta
872 1307 922 1384 [ct]
938 1304 972 1365 L.
989 1304 1144 1386 Torquato
1161 1325 1229 1367 oon·

245 1390 369 1451 sulibus.
415 1390 514 1460 Quem
538 1391 619 1451 diem
643 1391 688 1451 sic
709 1391 859 1461 universa,
873 1391 982 1452 civitas
996 1389 1231 1453 Atheniensium

245 1480 406 1557 prosecuta
417 1481 472 1554 est,
484 1480 519 1537 ut
529 1477 662 1537 lacrimis
674 1476 818 1538 desiderii
825 1477 919 1537 futuri
927 1475 1065 1538 dolorem
1072 1478 1230 1540 indicaret.

195 1561 226 1622 V
334 1563 476 1624 Habebat
497 1562 683 1623 avunculum
704 1562 742 1632 Q.
763 1559 944 1638 Caecilium,
968 1563 1103 1641 equitem
1117 1563 1230 1626 Roma·

181 1643 224 1708 15
246 1668 327 1722 num,
343 1649 526 1709 familiarem
541 1648 575 1709 L.
590 1648 725 1722 Luculli,
748 1648 890 1723 divitem,
915 1647 1097 1709 difficillima
1111 1655 1226 1711 natura

247 1730 341 1794 Cuius
361 1734 406 1794 sio
428 1735 625 1815 asperitatem
646 1734 762 1794 veribus
785 1739 846 1809 est,
869 1740 904 1795 ut
926 1753 1016 1814 quem
1037 1755 1127 1796 nemo
1147 1735 1227 1796 ferre

245 1825 362 1899 posset,
385 1820 451 1880 eius
475 1820 542 1880 sine
556 1819 720 1880 offensione
734 1820 773 1881 ad
789 1839 939 1881 summam
954 1825 1144 1882 senectutem
1159 1821 1229 1882 reti-

245 1907 346 1966 nuerit
365 1905 618 1967 benevolentiam.
663 1905 732 1975 Quo
754 1906 833 1966 facto
858 1906 929 1966 tulit
949 1905 1073 1986 pietatis
1088 1908 1230 1968 fructum.

246 1989 397 2052 Caecilius
409 1992 500 2051 enim
524 1991 656 2052 moriens
677 1995 858 2052 testamento
881 1992 1040 2071 adoptavit
1060 2012 1131 2053 oum
1146 1993 1231 2054 here-

179 2072 223 2136 20
245 2078 374 2156 demque
390 2078 462 2139 fecit
477 2096 518 2137 ex
532 2078 689 2138 dodrante.
717 2076 768 2137 Ex
783 2095 842 2157 qua
857 2077 1026 2138 hereditate
1041 2079 1161 2159 accepit
1175 2080 1231 2140 eir-

246 2164 322 2224 citcr
337 2164 450 2224 centies
467 2163 649 2224 sestertium.
673 2162 749 2224 Erat
762 2166 859 2242 nupta
873 2182 958 2223 soror
969 2161 1066 2224 Attici
1077 2163 1115 2234 Q.
1129 2164 1231 2226 Tullio

246 2246 401 2323 Ciceroni,
425 2269 537 2327 easque
558 2249 679 2327 nuptias
693 2249 735 2309 M.
753 2246 858 2309 Cicero
874 2249 1065 2326 conciliarat,
1089 2270 1158 2310 curn
1173 2269 1231 2329 quo

246 2352 265 2393 a
276 2334 518 2415 condiscipulatu
530 2335 655 2395 vivebat
663 2335 918 2411 coniunctissime,
930 2336 1027 2396 multo
1040 2337 1133 2396 etiam
1144 2336 1231 2397 farni-

246 2419 353 2479 liarius
368 2440 458 2498 quam
474 2439 543 2480 cum
557 2420 688 2496 Quinto,
702 2426 748 2480 'ut
770 2421 898 2481 iudicari
913 2422 1010 2501 possit
1025 2422 1095 2501 plus
1109 2423 1142 2483 in
1157 2422 1230 2483 ami-

177 2499 224 2565 25
248 2506 319 2565 citia
335 2506 439 2566 valere
456 2507 686 2567 similitudinem
701 2525 818 2566 morum
835 2526 925 2586 quam
940 2506 1129 2569 affinitatem.
1159 2505 1231 2569 Ute

246 2592 336 2652 batur
364 2598 466 2652 autem
492 2593 597 2652 intime
624 2592 661 2662 Q.
689 2591 866 2665 Hortensio,
895 2592 947 2671 qui
972 2593 1017 2652 eis
1043 2593 1229 2674 temporibus

245 2678 450 2758 principatum
465 2677 654 2757 eloquentiae
677 2678 815 2754 tenebat,
836 2682 872 2738 ut
886 2677 1019 2756 intelligi
1034 2698 1096 2739 non
1117 2681 1229 2759 posset,

246 2767 314 2824 uter
329 2785 399 2825 eum
413 2765 483 2845 plus
499 2765 651 2843 diligeret,
671 2761 777 2826 Cicero
793 2783 832 2824 an
845 2762 1038 2839 Hortensius,
1056 2768 1088 2825 et
1102 2765 1136 2825 id
1150 2765 1232 2844 quod

247 2857 313 2910 erat
335 2851 564 2925 difficillimum,
583 2850 741 2923 efficiebat,
765 2853 800 2910 ut
819 2850 899 2910 inter
921 2869 996 2929 quos
1011 2854 1115 2912 tantae
1130 2850 1231 2911 laudis

177 2925 225 2990 30
248 2946 329 2994 esset
350 2937 526 3013 aemulatio,
554 2937 640 2996 nulla
661 2936 864 2996 intercederet
885 2936 1064 2998 obtrectatio
1089 2938 1231 3016 essetque

247 3020 354 3080 talium
369 3023 505 3082 virorum
520 3023 636 3102 copula.

178 3099 226 3162 VI
334 3107 372 3165 In
387 3108 543 3187 republica
557 3110 600 3168 ita
615 3111 662 3167 est
677 3111 832 3183 versatuS,
855 3112 890 3167 ut
913 3127 1032 3186 semper
1047 3107 1233 3187 optimarum

246 3190 379 3273 partium
394 3196 425 3252 et
436 3200 517 3253 esset
528 3199 559 3254 et
571 3193 805 3268 existimaretur,
821 3213 919 3272 neque
932 3198 1077 3254 tamense
1089 3193 1232 3254 civilibus

247 3278 390 3339 fluctibus
413 3278 628 3352 committeret,
657 3280 737 3358 quod
762 3299 821 3339 non
847 3279 945 3357 magis
971 3298 1024 3339 eos
1046 3279 1081 3340 in
1103 3297 1234 3360 suapo·

180 3352 226 3421 35
248 3368 358 3426 testate
374 3364 571 3425 existimabat
586 3384 668 3440 esse,
690 3365 741 3444 qui
762 3385 794 3425 se
809 3365 857 3424 his
872 3365 1041 3439 dedissent,
1064 3383 1159 3444 quarn
1180 3364 1234 3444 qui

247 3451 407 3512 maritimis
422 3451 616 3511 iactarentur⁴
662 3450 803 3512 Honores
817 3471 879 3511 non
893 3451 995 3532 petiit,
1020 3470 1090 3511 cum
1105 3451 1135 3511 ei
1149 3456 1234 3532 pate-

245 3541 315 3597 rent
329 3542 452 3618 propter
467 3538 517 3598 vel
533 3538 664 3617 gratiam
679 3537 730 3597 vel
745 3537 941 3616 dignitatem,
958 3537 1039 3617 quod
1053 3556 1157 3617 neque
1170 3536 1234 3619 peti

246 3641 330 3684 more
344 3623 501 3699 maiorum,
517 3643 616 3702 neque
631 3623 698 3704 capi
713 3627 838 3703 possent
852 3623 1041 3685 conservatis
1063 3623 1189 3704 legibus
1202 3623 1235 3684 in
