2504 4080
284 252 305 319 8
630 253 656 314 Ι.
678 251 915 315 MILTIADES.

218 425 266 486 VI
368 425 465 487 Erant
478 425 558 486 inter
566 423 800 486 Atheniensium
815 424 907 486 duces
922 425 1069 506 ancipites
1081 427 1250 488 sententiae

281 530 354 574 oum
363 512 453 574 alteri
463 514 602 573 vetarent
612 510 763 592 proelium
777 511 856 585 fieri;
872 512 1030 592 pauciores
1045 512 1170 573 enimse
1182 532 1251 574 esse

280 614 373 678 quam
395 600 430 659 ut
450 614 520 658 cnm
534 596 638 657 Persis
658 596 867 675 confligerent3
890 598 995 674 alteri,
1017 599 1049 659 in
1069 598 1179 677 quibus
1195 617 1248 660 era

282 683 447 759 Miltiades,
470 684 509 745 ad
529 683 679 763 proelium
699 683 900 745 hortarentur.
944 683 1054 763 Itaque
1076 702 1145 743 cum
1160 688 1252 744 metu

240 771 378 845 anet,
409 788 449 831 ne
473 769 605 830 deterior
630 769 780 830 sententia
804 769 953 845 vinceret,
987 769 1141 830 Miltiades
1169 766 1248 832 Calli

282 856 422 918 maehum
436 854 651 936 Aphidnaeum
666 854 749 929 adiit,
773 856 825 934 qui
846 874 881 916 eo
897 863 1033 936 tempore
1047 855 1252 936 polemarchu

282 944 349 1003 siue
371 941 511 1022 princeps
531 960 635 1001 rerum
649 939 826 1003 bellicarum
841 944 916 1015 erat,
938 941 1063 1016 doeens,
1084 941 1178 1001 situm
1193 961 1252 1003 ess

282 1028 314 1089 in
328 1047 373 1104 eo,
396 1030 499 1088 utrum
518 1027 551 1087 in
567 1026 747 1086 servitutem
761 1024 964 1089 Athenienses
978 1027 1199 1106 redigerentur,
1222 1046 1252 1088 ar

281 1114 355 1174 urbs
370 1132 476 1176 eorum
489 1113 630 1194 princeps
644 1109 792 1173 Graeciae
804 1112 899 1173 fieret.
943 1112 1061 1173 Deinde
1076 1133 1145 1173 eum
1159 1113 1249 1176 horta

220 1198 261 1262 10
283 1203 332 1260 tus
347 1202 402 1274 est,
418 1205 453 1260 ut
466 1199 505 1260 ad
519 1197 701 1260 sonandam
724 1218 827 1260 eorum
841 1198 1011 1274 accederet,
1037 1199 1089 1278 qui
1110 1199 1252 1278 proeliuu

282 1285 446 1346 suaderent
459 1284 526 1364 (qui
540 1284 673 1364 quinque
687 1280 805 1368 erant),
825 1303 915 1364 posse
935 1285 1016 1345 enim
1031 1304 1101 1344 eum
1115 1283 1252 1365 suffragi:

282 1390 337 1432 suo
358 1389 423 1431 rem
444 1370 615 1443 decernere
660 1368 760 1439 Quem
783 1387 852 1430 cum
871 1370 1080 1451 perduxisset,
1103 1371 1252 1431 obtentu„

281 1459 338 1532 est,
353 1459 388 1517 ut
402 1456 623 1537 confligeretur.
668 1455 786 1517 Deinde
800 1456 822 1516 ii
837 1455 938 1527 duces,
955 1456 1006 1534 qui
1021 1455 1170 1536 proelium
1192 1476 1248 1518 sua

281 1547 393 1616 serant,
410 1545 532 1604 austere
543 1541 688 1617 Aristide,
704 1545 739 1602 ut
752 1541 897 1621 cuiusque
909 1542 973 1602 dies
985 1540 1153 1622 imperandi
1163 1543 1251 1602 venit

220 1627 261 1692 16
283 1629 382 1689 uicem
396 1647 483 1689 suam
497 1627 630 1689 Miltiadi
651 1631 686 1688 ut
706 1631 738 1688 et
757 1627 803 1688 rei
825 1627 965 1688 militaris
987 1632 1018 1688 et
1032 1627 1252 1688 consuetudini

282 1714 447 1774 Persarum
467 1713 650 1794 peritissimo
672 1714 830 1788 dederunt,
846 1731 937 1793 quam
956 1713 1010 1773 ille
1031 1713 1184 1793 accipiens
1199 1733 1252 1775 no·

282 1803 385 1860 tamen
400 1799 484 1879 prius
499 1798 716 1860 decertandum
730 1798 860 1879 putavit,
876 1818 967 1879 quem
980 1799 1078 1879 ipsius
1093 1798 1157 1859 dies
1172 1800 1246 1861 ades

283 1887 339 1960 set,
354 1904 402 1959 ne,
419 1884 446 1944 si
460 1903 510 1946 res
524 1885 604 1946 male
618 1887 707 1963 gesta
726 1888 820 1960 esset,
842 1885 977 1964 collegae
992 1886 1024 1945 in
1039 1885 1154 1945 crimen
1168 1903 1246 1946 voca

283 1973 396 2031 rentur.
441 1971 474 2031 Is
490 1969 554 2030 dias
569 1969 622 2031 ubi
636 1970 730 2045 venit,
746 1970 848 2050 copias
862 1969 943 2031 hunc
957 1971 989 2031 in
1008 1970 1132 2031 modum
1146 1971 1246 2031 instru

219 2055 261 2119 20
282 2057 339 2118 xit.
384 2055 499 2118 Dextro
521 2074 614 2118 cornu
635 2058 776 2136 praeerat
797 2056 1017 2136 polemarchus,
1040 2054 1086 2139 (id
1108 2057 1190 2116 enim
1205 2057 1252 2117 le.

282 2146 355 2203 tunc
369 2142 449 2224 apud
460 2140 663 2202 Athenienses
674 2137 875 2225 postulabat);
890 2142 947 2202 hou
962 2142 1038 2201 duce
1053 2143 1243 2220 sequebantu

282 2228 391 2289 deinde
413 2227 552 2306 singulae
574 2228 685 2303 tribus,
707 2231 743 2288 ut
764 2228 872 2306 cuique
891 2228 964 2288 ordo
979 2229 1164 2301 ‘constitutus
1177 2231 1245 2289 erat

281 2313 441 2375 homesimi
460 2316 549 2374 erant
562 2312 771 2389 Plataeenses,
795 2313 904 2392 quibus
926 2314 1083 2374 sinistrum
1099 2333 1192 2374 cornu
1208 2315 1246 2376 ob

281 2399 360 2479 tigit.
405 2398 456 2460 Ita
476 2404 578 2461 autern
600 2399 739 2461 collocati
761 2400 861 2473 erant,
889 2400 924 2459 ut
944 2400 1076 2460 frontem
1104 2399 1252 2460 exercitu

218 2482 260 2547 25
283 2484 448 2546 Persarum
464 2489 638 2564 aequarent,
662 2504 730 2564 quo,
747 2503 815 2545 cum
830 2485 987 2564 pauciores
1003 2492 1119 2558 essent,
1142 2485 1252 2546 factuu

281 2573 338 2646 est,
353 2573 389 2631 ut
403 2571 503 2631 media
514 2571 595 2631 acies
604 2571 682 2631 raris
694 2570 850 2633 ordinibus
860 2571 1049 2643 consisterct;
1062 2589 1174 2630 cornua
1184 2589 1252 2631 ver·

281 2657 404 2718 stabant
432 2657 674 2733 confertissimis,
705 2675 782 2735 quae
809 2657 932 2736 insuper
951 2657 1032 2735 iugis
1055 2657 1203 2716 montium
1227 2678 1252 2717 s:

226 2768 230 2773 ·
281 2743 479 2818 acclinabant,
495 2763 534 2804 ne
549 2743 748 2804 circuirentur
762 2746 857 2822 utque
872 2743 910 2803 ab
926 2744 1061 2822 equitum
1082 2742 1249 2804 incursioni

282 2830 338 2889 bus
354 2834 420 2890 tuta
434 2838 545 2890 essent.

217 2909 260 2973 30
281 2914 346 2974 VH
368 2914 457 2984 Quod
473 2934 541 2975 eum
557 2911 666 2976 Graeci
690 2913 879 2975 audivissent
900 2913 1076 2993 perlitatum
1091 2931 1166 2986 esse,
1189 2923 1252 2974 ant

282 3000 413 3060 telorum
428 3003 595 3061 coniectum
612 3019 703 3060 cursu
723 2999 852 3060 tendunt
871 2999 910 3059 ad
932 2999 1045 3072 hostem
1070 3003 1136 3058 erat
1156 3001 1252 3059 auten

282 3085 362 3146 inter
377 3088 536 3165 utramque
552 3082 647 3146 aciem
668 3085 866 3146 intervallum
885 3084 985 3144 minus
1001 3088 1067 3145 octo
1083 3083 1197 3144 stadior
1230 3111 1247 3139 ιι

283 3169 367 3240 Quos
384 3189 475 3231 cursu
490 3172 564 3232 ferri
578 3171 610 3231 in
626 3191 659 3232 se
674 3190 743 3230 oum
758 3170 900 3231 uiderent
913 3169 1035 3247 Persae,
1051 3190 1103 3230 eos
1117 3170 1246 3251 exciper

282 3275 316 3317 se
331 3264 523 3336 paraverunt,
539 3257 675 3318 insaniae
689 3257 720 3316 id
735 3257 915 3330 tribuentem
939 3256 1019 3335 quod
1040 3257 1087 3317 illi
1101 3257 1247 3334 pauciore

218 3340 260 3405 35
282 3345 385 3403 essent
405 3362 502 3422 neque
524 3349 577 3404 aut
603 3342 739 3422 equitatu
760 3346 814 3403 aut
840 3342 1008 3420 sagittariis
1033 3342 1237 3403 adiuvarentu

282 3426 326 3488 At
339 3447 412 3489 vero
427 3427 629 3489 Athenienses
645 3431 804 3508 postquam
819 3448 925 3489 manus
941 3447 1009 3489 oum
1031 3427 1169 3488 barbaris
1191 3442 1250 3488 con

282 3519 457 3590 senuerunt,
479 3534 613 3596 pugnam
634 3518 757 3576 aeterna
775 3514 921 3575 memoria
941 3515 1065 3594 dignam
1088 3513 1252 3574 ediderun·

281 3601 393 3682 quippe
409 3601 460 3682 qui
475 3600 564 3682 primi
576 3601 710 3662 omnium
723 3597 909 3662 Graecorum
926 3619 1016 3660 eursu
1030 3600 1062 3660 in
1077 3601 1181 3661 hostes
1196 3604 1251 3662 ute
