2504 4080
226 230 268 294 14
514 235 557 295 II.
582 233 906 300 THEMISTOCLES.

223 407 430 468 onerariarum
460 408 677 486 sequebantur,
719 410 880 469 terrestres
912 411 1015 470 autem
1048 411 1204 472 exercitus

223 491 324 552 decies
353 493 465 573 septies
490 498 685 554 centenorum
709 494 859 574 peditum,
886 495 1020 575 equitum
1047 497 1207 576 octoginta

221 579 341 641 milium
355 580 501 658 fuerunt),
521 575 647 641 Graecis
661 579 747 641 initio
763 580 890 660 placuit,
911 581 943 641 in
958 583 1041 641 tmra
1056 581 1205 645 dimicare

223 667 255 727 et
275 666 414 727 barbaris
434 684 526 744 quam
545 664 722 744 longissime
748 684 914 728 occurrere.
959 666 1061 727 Huius
1084 668 1204 730 consilii

179 754 200 818 5
223 754 328 814 auctor
338 752 396 813 fuit
406 751 635 826 Themistocles,
651 751 704 830 qui
714 751 847 813 maxime
859 752 1063 829 contenderat,
1076 759 1112 814 ut
1122 755 1203 817 bella

223 839 389 901 domestica
414 842 539 918 propter
565 837 735 917 periculum
756 838 917 900 imminens
940 844 1202 919 componerentur.

221 925 333 1005 Itaque
351 924 464 986 missus
486 930 533 982 est
552 941 621 982 cum
642 921 747 982 decem
768 923 892 984 milibus
906 925 1012 1003 gravis
1027 929 1202 988 armaturae

220 1012 260 1074 ad
274 1012 398 1085 vallem,
414 1008 464 1068 cui
478 1008 593 1088 Tempe
607 1028 717 1069 nomen
732 1014 805 1084 erat,
822 1010 1027 1090 occupandam
1042 1011 1201 1074 barbaros·

222 1117 281 1177 que
296 1116 354 1176 quo
373 1094 473 1154 minue
492 1093 726 1172 ingrederentur
745 1095 955 1174 prohibendos.
1001 1093 1079 1157 Gom
1097 1099 1199 1160 tamen

158 1184 199 1248 10
223 1180 333 1244 Graeci
347 1180 497 1252 timerent,
513 1198 552 1239 ne
566 1179 866 1256 circumvenirentur,
886 1182 1020 1262 regressi
1034 1186 1118 1258 sunt,
1142 1204 1198 1264 quo

220 1270 301 1329 facto
312 1265 472 1341 Leonidas,
486 1264 795 1327 Lacedaemoniorum
806 1287 871 1342 rex,
888 1286 956 1328 cum
968 1267 1094 1328 delectis
1107 1269 1199 1330 Ther-

220 1354 360 1434 mopylas
387 1351 561 1432 occupavit,
588 1371 626 1411 ne
646 1350 759 1414 Persae
787 1353 909 1432 longius
933 1354 1197 1433 progrederentur.

221 1438 282 1502 Sed
303 1458 373 1501 cum
395 1438 427 1498 hi
449 1437 526 1499 calle
547 1456 602 1518 per
622 1435 731 1498 Oetam
753 1442 887 1499 montem
909 1443 1075 1501 monstrato
1094 1440 1159 1502 illis
1181 1459 1200 1503 a

220 1530 306 1606 tergo
322 1525 396 1587 facti
410 1528 520 1600 essent,
534 1523 629 1586 maior
644 1543 714 1604 pars
729 1543 815 1586 suam
827 1525 952 1604 quisque
964 1525 1086 1586 domum
1096 1527 1198 1601 rediit

157 1612 198 1677 15
220 1611 371 1673 Leonidas
394 1630 463 1670 cum
483 1611 628 1671 trecentis
648 1608 810 1691 Spartiatis
831 1615 862 1670 et
877 1610 1126 1690 Thespiensibus,
1148 1613 1201 1693 qui

219 1701 440 1771 remanserant,
473 1696 638 1756 fortissime
669 1700 841 1776 pugnantes
867 1716 902 1759 eo
927 1697 992 1758 loco
1018 1698 1199 1759 interierunt

220 1802 331 1845 omnes.
375 1781 419 1843 At
433 1780 540 1840 classis
555 1782 721 1841 communis
737 1779 885 1847 Graeciae
904 1784 1112 1844 trecentarum
1134 1785 1200 1846 fere

218 1868 353 1942 narium,
369 1865 524 1946 inquibus
539 1866 687 1928 ducentae
702 1878 788 1928 eraut
802 1868 1047 1942 Atheniensium,
1064 1869 1197 1949 primum

219 1955 300 2036 apud
314 1952 515 2014 Artemisium
529 1952 608 2013 inter
622 1951 779 2013 Euboeam
800 1954 1062 2033 continentemque
1082 1958 1198 2018 terram

154 2041 197 2106 20
219 2060 289 2101 cum
307 2038 471 2102 classiariis
491 2038 586 2118 regiis
607 2038 751 2099 conflixit.
789 2038 958 2117 Angustias
979 2041 1060 2101 enim
1075 2040 1198 2103 Themi·

218 2127 330 2188 stocles
344 2124 522 2206 quaerebat,
545 2143 584 2184 ne
602 2123 797 2184 multitudine
812 2125 1091 2186 circumveniretur.
1136 2126 1200 2189 Hie

219 2212 277 2273 etsi
291 2211 359 2293 pari
372 2209 487 2292 proelio
502 2210 714 2285 discesserant,
733 2214 835 2271 tamen
849 2210 955 2271 eodem
970 2212 1036 2273 loco
1050 2231 1111 2274 non
1125 2217 1201 2276 sunt

218 2297 286 2358 ausi
305 2315 440 2374 manere,
462 2295 542 2374 quod
561 2296 757 2356 metuendum
778 2300 857 2372 erat,
879 2317 918 2357 ne
938 2298 965 2357 si
984 2316 1056 2378 pars
1069 2299 1198 2360 navium

217 2382 463 2445 adversariorum
477 2380 633 2443 Euboeam
647 2384 830 2461 superasset,
846 2382 970 2463 ancipiti
986 2389 1201 2463 premerentur

153 2470 196 2535 25
217 2468 362 2549 periculo.
405 2466 452 2528 Ac
465 2468 587 2529 barbari
602 2467 723 2546 quidem
737 2487 832 2529 naves
853 2467 915 2528 iam
936 2469 1096 2545 miserant,
1117 2490 1202 2550 quae

218 2554 373 2615 Euboeam
389 2556 576 2634 superarent,
603 2573 657 2614 eae
681 2556 783 2615 tamen
799 2557 978 2635 tempestate
993 2558 1059 2616 orta
1072 2557 1197 2619 naufra-

217 2641 303 2720 gium
317 2641 462 2701 fecerunt.
485 2641 593 2719 Itaque
603 2639 641 2700 ab
651 2637 815 2700 Artemisio
831 2639 1036 2701 discesserunt
1047 2643 1078 2700 et
1089 2647 1198 2705 contra

216 2726 353 2788 Athenas
368 2726 449 2807 apud
457 2722 612 2788 Salamina
623 2725 750 2786 classem
765 2744 851 2786 suam
863 2727 1090 2788 constituerunt.
1115 2724 1197 2790 (lum

218 2817 320 2874 autem
340 2832 395 2893 per
413 2813 526 2873 fretum
539 2811 688 2892 Euripum
709 2812 905 2889 navigarent,
928 2811 1148 2874 Themistocles
1163 2815 1197 2875 in

26 2938 30 2945 ·
153 2898 196 2964 30
217 2899 315 2974 saxis,
342 2898 451 2978 quibus
476 2897 551 2959 locis
574 2896 750 2977 aquationes
778 2905 878 2973 erant,
907 2898 1133 2959 exhortationes
1155 2901 1198 2962 ad

217 2985 309 3045 Iones
318 2983 525 3044 inscribendas
540 2983 667 3058 curarit,
682 2986 717 3043 ut
731 3001 750 3044 a
763 3003 837 3062 rege
853 2983 1016 3045 deficerent
1031 3003 1197 3065 secumque

217 3071 366 3144 facerent,
389 3070 441 3129 vel
463 3069 489 3129 si
511 3068 543 3129 id
564 3069 664 3129 miuus
685 3075 821 3148 possent,
844 3069 875 3129 in
895 3089 999 3150 pugna
1017 3071 1121 3131 navali
1142 3091 1197 3133 res

216 3155 381 3216 Persarum
396 3154 616 3235 perturbarent.
660 3152 809 3234 Sperabat
823 3154 855 3214 id
869 3157 979 3216 saltem
998 3157 1144 3233 futurum,
1160 3162 1198 3220 ut

216 3242 308 3302 Iones
321 3239 423 3301 Persis
438 3240 469 3300 in
484 3239 685 3320 suspicionem
698 3240 846 3301 venirent.

152 3326 195 3392 35
216 3326 263 3388 IV
306 3325 521 3399 Athenienses,
550 3325 602 3405 qui
628 3326 761 3386 maxime
782 3326 845 3406 peti
873 3326 1046 3388 dicerentur
1066 3331 1196 3409 propter

216 3431 351 3494 pugnam
366 3411 605 3487 Marathoniam,
628 3411 689 3472 iam
710 3416 798 3473 antea
811 3408 946 3493 Delphos
960 3412 1107 3474 miserant
1122 3433 1194 3476 con-

217 3500 340 3574 sultum,
362 3497 504 3577 quidnam
519 3497 653 3558 facerent
668 3497 811 3558 derebus
827 3499 898 3560 suis.
942 3496 1054 3578 Pythia
1068 3518 1194 3581 respon·

216 3585 311 3661 derat,
326 3584 457 3645 salutem
470 3583 565 3643 muris
580 3583 690 3662 ligneis
705 3588 852 3665 peterent.
869 3584 924 3644 =Id
938 3603 1116 3665 responsum
1132 3606 1201 3666 quo-
