2504 4080
410 224 518 289 mr.
541 223 772 290 HANNIBAL.
1023 224 1083 289 121

98 398 196 474 niam,
227 417 305 478 quae
333 398 477 479 stipendii
507 399 573 462 loco
602 399 640 458 iis
669 398 814 478 imposita
842 401 921 474 erat,
952 399 1090 479 primum

98 485 229 547 Romam
255 485 463 560 advexerunt,
500 484 590 545 simul
626 487 778 564 petentes,
816 487 851 545 ut
876 484 999 546 obsides
1025 485 1085 546 sibi

98 571 310 646 redderentur,
326 569 378 648 qui
392 570 504 630 redditi
518 591 579 632 non
594 571 705 643 essent,
722 570 761 630 ab
775 569 895 646 Norba,
910 571 963 631 uhi
977 591 1085 653 parum

99 655 258 719 commode
272 659 388 730 essent,
413 656 472 716 alio
487 657 728 717 traducerentur.
774 654 894 725 Quibus
910 675 1086 718 concessum

98 745 162 817 est,
183 745 219 802 ut
233 740 371 822 Signiam
386 749 417 802 et
432 740 630 802 Ferentinum
652 741 825 802 transirent.
870 740 988 803 Eodem
1008 747 1085 803 tem·
1106 737 1137 803 5

97 848 174 910 pore
188 827 344 889 Hannibal
364 832 488 908 praetor
507 828 605 888 faetus
627 830 690 903 est,
714 831 875 907 postquam
899 846 956 887 rex
976 828 1083 903 suerat,

100 932 179 976 auno
195 914 328 974 secundo
344 917 375 974 et
389 913 544 974 vicesimo.
590 910 632 974 Ut
647 913 728 974 enim
743 912 859 974 Romae
875 915 1024 987 consules,
1041 914 1085 973 sic

101 997 289 1077 Carthagine
304 999 464 1078 quotannis
479 999 544 1059 bini
558 1017 649 1076 reges
664 999 756 1059 annui
772 999 960 1060 creabantur.
994 1001 1033 1059 In
1048 1018 1085 1060 cc

99 1085 283 1166 magistratu
299 1085 367 1165 pari
382 1085 543 1164 diligentia
557 1104 591 1145 se
605 1084 760 1146 Hannibal
775 1086 916 1165 praebuit
935 1104 972 1145 ao
985 1085 1087 1145 suerat

99 1173 133 1233 in
148 1171 239 1232 bello.
283 1171 424 1230 Iudicum
445 1171 519 1232 ordo
541 1191 577 1232 eo
599 1175 735 1251 tempore
751 1166 937 1251 Carthagine
951 1171 1085 1232 domina·
1108 1166 1159 1232 lu

99 1258 200 1333 hatur,
223 1256 291 1317 ideo
315 1256 457 1331 maxime,
483 1256 563 1335 quod
585 1256 679 1317 iidem
694 1262 840 1337 perpetuo
856 1257 971 1319 iudices
988 1260 1083 1318 erant.

99 1342 178 1418 Eos,
203 1361 276 1422 prae
298 1361 425 1421 quorum
446 1342 588 1422 superbia
603 1347 694 1421 atque
709 1342 816 1422 opibus
830 1361 888 1403 nec
902 1343 988 1422 leges
1003 1343 1086 1422 quic-

101 1440 193 1509 quam
217 1428 371 1503 valerent,
397 1447 453 1488 nee
474 1428 689 1506 magistratus,
715 1429 747 1486 in
769 1427 908 1488 contione
930 1427 1086 1489 Hannibal

101 1515 258 1576 accusavit
273 1518 304 1574 et
318 1514 455 1593 pertulit,
469 1513 549 1574 utin
565 1513 702 1591 singulos
715 1532 808 1573 annos
820 1513 935 1573 iudices
947 1514 1086 1591 legeren-

101 1603 163 1676 tur,
177 1619 215 1659 ne
231 1599 298 1678 quis
313 1600 468 1660 biennium
484 1599 659 1660 continuum
674 1600 770 1659 iudex
784 1602 874 1663 esset.
911 1596 1010 1659 Simul
1025 1599 1086 1660 alia
1109 1590 1160 1657 15

101 1685 222 1747 ratione
236 1685 363 1746 utilitati
378 1684 518 1765 publicae
532 1685 691 1746 consuluit.

189 1769 363 1848 Vectigalia
381 1771 504 1851 publica
524 1771 635 1850 partim
657 1770 847 1850 negligentia
862 1770 1082 1845 dilabebantur,
1107 1766 1141 1828 X

103 1856 217 1936 partim
231 1856 361 1936 praedae
376 1875 412 1917 ae
427 1856 539 1917 divisui
554 1857 741 1936 principibus
753 1856 934 1935 quibusdam
946 1858 977 1915 et
989 1856 1086 1934 magi-

103 1942 250 2003 stratibus
277 1945 378 2017 eraut3
412 1943 484 2021 quin
509 1950 541 2003 et
565 1943 708 2023 pecunia,
741 1962 817 2021 quae
843 1943 875 2001 in
900 1941 1086 2021 stipendium

103 2027 250 2089 Romanis
265 2047 319 2089 suo
335 2047 454 2107 quoque
469 2048 547 2089 anno
563 2031 759 2108 penderetur,
784 2029 902 2102 deerat,
924 2027 1085 2087 tributum·
1107 2020 1161 2086 20·

104 2133 164 2193 que
179 2133 275 2194 gave
295 2115 424 2195 privatis
446 2115 605 2175 imminere
620 2114 790 2174 videbatur.
836 2113 990 2177 Hannibal
1006 2117 1087 2191 pest-

104 2218 197 2279 quam
209 2200 436 2275 animadvertit,
452 2206 565 2279 quanta
576 2200 742 2280 vectigalia
752 2199 911 2260 terrestria
920 2198 1087 2259 maritima·

102 2305 163 2365 que
188 2289 291 2346 essent
315 2290 347 2346 et
373 2286 405 2344 in
432 2305 577 2364 quaeres
604 2290 803 2365 erogarentur
828 2291 860 2345 et
884 2284 957 2364 quid
982 2304 1088 2345 eorum

103 2371 250 2433 ordinarii
265 2372 451 2451 reipublicae
466 2392 539 2432 usus
555 2378 780 2445 consumerent,
805 2375 952 2450 quantum
966 2370 1087 2450 pecula-

103 2462 155 2518 tus
170 2461 337 2532 averteret,
352 2458 384 2518 in
400 2457 540 2518 contione
555 2458 776 2538 pronuntiavit,
802 2458 942 2517 omnibus
956 2456 1086 2516 residuis
1107 2448 1160 2513 25

101 2543 241 2623 paenulis
262 2543 393 2618 exactis,
416 2544 636 2624 rempublicam
657 2544 732 2604 satis
756 2543 940 2622 locupletem
960 2543 1026 2603 fore
1047 2542 1086 2601 ad

102 2628 240 2707 vectigal
265 2628 410 2691 Romanis
436 2630 631 2704 solvendum,
658 2634 689 2689 et
714 2630 897 2708 promissum
922 2626 1083 2707 praestitit.

102 2712 183 2774 Tum
198 2734 271 2776 vero
286 2715 345 2789 isti,
368 2735 442 2794 quos
457 2735 513 2794 per
527 2715 643 2793 aliquot
657 2733 751 2774 annos
772 2713 931 2791 peculatus
946 2712 1086 2792 publicus

102 2805 245 2880 paverat,
267 2801 378 2860 infensi
394 2805 424 2862 et
439 2801 509 2861 irati
524 2799 679 2860 Romanos
694 2800 725 2858 in
740 2798 944 2858 Hannibalem
959 2796 1085 2875 instiga·
1151 2868 1154 2875 Ι

101 2886 190 2960 bant3
206 2886 283 2947 ethi
299 2886 420 2965 quidem
435 2890 466 2947 et
476 2887 535 2966 ipsi
546 2885 606 2946 iarn
618 2885 671 2945 diu
682 2903 804 2947 eausam
817 2883 878 2943 odii
889 2883 1083 2962 quaerebant.
1107 2875 1160 2941 30

101 2972 153 3032 Ita
175 2971 229 3032 diu
249 2976 439 3052 repugnante
460 2971 494 3031 P.
516 2970 657 3051 Scipione
679 2968 824 3030 Africano
844 2969 967 3029 tandem
982 2968 1086 3030 obten-

101 3060 169 3118 tum
197 3059 253 3133 est,
279 3063 314 3118 ut
340 3059 435 3137 legati
456 3055 673 3136 Carthaginem
699 3056 901 3129 mitterentur,
928 3056 979 3134 qui
1006 3055 1086 3135 apud

103 3147 244 3205 senatum
265 3162 371 3204 eorum
395 3148 573 3222 arguerent,
604 3143 809 3204 Hannibalem
838 3161 906 3202 cum
936 3140 1086 3202 Antiocho

101 3248 178 3308 rege
193 3231 319 3292 consilia
333 3229 407 3291 belli
422 3230 552 3292 faciendi
568 3230 652 3291 inire.
698 3228 808 3306 Legati
826 3230 890 3288 tres
904 3227 991 3288 missi
1006 3228 1085 3299 sunt,

104 3316 242 3394 quicum
258 3312 475 3394 Carthaginem
490 3316 655 3390 venissent,
677 3314 779 3394 palam
799 3313 957 3387 dixerunt,
981 3312 1088 3371 adesse
1103 3300 1156 3368 35

103 3420 139 3461 se
160 3401 200 3461 ad
222 3402 459 3476 controversias,
483 3422 560 3481 quae
583 3420 652 3462 eum
667 3399 861 3473 Massinissa,
883 3417 959 3477 rege
979 3395 1087 3456 Numi·

102 3486 221 3562 darum,
238 3485 543 3566 Carthaginiensibus
558 3490 675 3562 essent,
699 3485 894 3547 dirimendas.
939 3482 976 3542 Id
991 3480 1087 3543 credi-

101 3574 170 3635 tum
179 3573 285 3653 vulgo.
308 3571 410 3637 Unum
420 3573 627 3636 Hannibalem
640 3592 701 3636 non
715 3572 849 3647 fallebat,
866 3589 900 3632 se
914 3566 1092 3632 altemaniu-
