2504 4080
399 194 426 256 I.
449 191 688 257 MILTIADES.
1014 190 1033 254 7

51 373 118 445 ret,
141 368 183 430 'ut
203 387 272 429 eum
292 365 380 428 benis
401 365 506 427 multis
534 364 683 440 afficeret3
711 366 838 428 donavit
860 365 942 427 eninr
964 385 1034 427 eum

10 470 12 485 ¹
52 456 162 529 domo,
184 453 305 535 opibus,
327 471 424 513 uxore
444 471 563 532 quoque
583 450 725 528 Perside,
748 472 765 513 e
785 471 845 533 qua
865 452 930 513 nati
944 451 1035 513 liberi

10 536 13 571 ³
55 543 139 604 inter
152 539 264 600 Persas
277 539 483 600 censebantur.
523 536 695 599 Miltiadem
709 556 792 613 vero,
807 539 860 599 ubi
874 537 1034 599 incolumis

10 620 12 627 ’
57 627 197 689 Athenas
211 624 356 707 pervenit,
372 622 488 685 inimici
501 623 605 685 statim
626 623 658 684 in
677 623 822 684 iudicium
842 625 1035 685 deduxerunt

10 734 12 741 ·
54 714 222 793 occupatae
241 710 273 771 in
288 706 475 771 Chersoneso
495 708 667 791 tyrannidis
687 713 878 788 accusantes3
900 702 1076 771 iudicumb
1196 750 1199 755 -

59 802 162 861 tumen
176 796 335 859 sententiis
355 796 511 857 absolutus
526 798 581 855 est.
626 794 677 856 Ita
698 795 908 876 captivitatem
922 796 1033 856 iterum

51 882 179 962 effingit3
200 902 271 944 nam
285 882 376 942 tertio
392 901 470 943 anno
486 884 557 942 ante
572 899 642 942 cum
656 879 789 961 Scythae
804 901 823 942 a
836 902 911 963 rege
924 880 1033 941 Persa-

10 984 13 989 ·
50 988 125 1031 rum
139 967 251 1029 irritati
265 968 468 1029 incursionem
483 967 515 1028 in
530 964 753 1028 Chersonesum
767 968 910 1043 facerent,
925 986 1035 1047 aggre-

14 1052 18 1089 :
47 1055 176 1117 dientes
195 1073 257 1115 non
280 1072 372 1114 ausus
393 1053 544 1115 sustinere
564 1052 636 1113 inde
657 1073 690 1113 se
710 1053 871 1134 proripuit,
895 1054 968 1114 dum
987 1052 1035 1112 illi

46 1140 278 1214 discessissent,
295 1159 353 1219 quo
368 1140 447 1200 facto
462 1138 591 1199 Dolonci
605 1159 675 1199 eum
689 1139 884 1201 reduxerunt
1005 1137 1034 1197 V
1057 1132 1099 1196 10

10 1262 15 1281 ,
142 1227 266 1287 Interea
285 1245 359 1287 vero
379 1224 470 1285 amici
484 1223 612 1285 Darium
631 1244 692 1286 non
712 1225 894 1287 destiterunt
908 1223 1032 1298 hortari,

10 1312 16 1345 ³
49 1314 92 1373 ut
107 1308 270 1373 Graeciam
293 1311 325 1371 in
347 1330 433 1377 suem
452 1313 634 1391 potestatem
651 1311 820 1392 redigeret;
840 1312 943 1391 itaque
965 1329 1034 1370 cum

10 1448 18 1457 .
51 1398 141 1479 prior
160 1396 311 1477 expeditio
325 1396 484 1458 Mandonio
505 1396 582 1457 duce
603 1397 733 1458 navibus
748 1398 786 1458 ad
801 1396 953 1457 Athonem
967 1415 1034 1475 pro-

50 1483 240 1547 montorium
251 1483 355 1543 fraetis
366 1483 405 1543 ad
416 1482 536 1543 irritum
546 1482 767 1556 redactaesset,
784 1482 895 1542 iterum
906 1483 1035 1541 classem

50 1570 272 1637 sexcentarum
297 1568 423 1629 navium
451 1567 640 1647 comparavit
659 1568 746 1646 eique
765 1565 867 1628 Datim
888 1565 1035 1648 praefecit
1058 1559 1099 1624 15

51 1660 88 1717 et
108 1653 334 1735 Artaphernem
357 1654 464 1732 hisque
492 1652 622 1722 ducenta
647 1652 797 1733 peditum,
824 1654 929 1717 decem
950 1652 1036 1714 milia

10 1750 16 1801 :⁵
55 1740 196 1821 equitum
211 1740 296 1801 dedit
311 1737 508 1823 (quamquam
522 1739 561 1799 de
575 1758 699 1801 numero
714 1738 877 1820 scriptores
891 1759 952 1800 non
966 1758 1035 1799 oon-

10 1838 22 1911 ji
58 1822 218 1910 sentiunt),
234 1844 373 1888 caussam
388 1825 592 1905 interponens,
608 1845 641 1885 se
657 1825 774 1886 hostem
789 1845 856 1885 esse
871 1824 1035 1886 Athenien-

57 1912 148 1987 sium,
168 1911 248 1991 quod
270 1930 375 1972 eorum
390 1910 505 1972 auxilio
526 1911 617 1972 Iones
638 1909 750 1972 Sardes
773 1912 1035 1991 expugnavissent

11 2060 14 2069 ,
58 1997 347 2059 etcombussissent.
391 1996 444 2057 Illi
458 1997 604 2077 praefecti
617 1997 696 2076 regii
712 1998 809 2058 classe
824 1997 863 2057 ad
878 1996 1034 2057 Euboeam
1056 1985 1099 2050 20

56 2082 188 2145 insulam
202 2083 330 2164 appulsa
345 2083 486 2143 celeriter
499 2080 661 2158 Eretriam,
684 2102 761 2161 quae
780 2083 853 2143 urbs
873 2083 943 2163 ipsa
962 2101 1033 2161 quo-

54 2187 117 2249 que
137 2167 262 2230 Ionibus
283 2168 400 2229 auxilia
426 2168 566 2243 miserat,
595 2171 741 2248 ceperunt
766 2181 931 2248 omnesque
952 2169 1034 2229 cives

56 2254 199 2334 abreptos
213 2255 246 2314 in
260 2254 384 2314 vincula
398 2253 592 2315 coniecerunt
606 2258 637 2315 et
651 2258 757 2334 postea
767 2273 870 2315 secum
885 2255 917 2314 in
928 2252 1035 2315 Asiam

53 2340 257 2403 abduxerunt.
301 2340 379 2402 Inde
394 2338 527 2402 Atticam
548 2340 689 2420 aggressi
704 2339 807 2421 copias
823 2359 893 2401 suas
907 2341 939 2401 in
955 2359 1034 2402 cam·

54 2444 131 2509 pum
150 2425 329 2487 Marathona
348 2425 548 2487 deduxerunt.
594 2426 627 2486 Is
656 2427 741 2487 abest
760 2427 798 2488 ab
817 2427 893 2487 urbe
914 2426 1035 2487 circiter
1056 2412 1099 2477 25

54 2510 143 2573 milia
166 2530 310 2592 passuum
335 2512 449 2572 decem.
494 2511 562 2572 Hoc
586 2512 722 2572 tumultu
744 2510 946 2573 Athenienses
972 2515 1036 2573 tam

55 2596 227 2679 propinquo
242 2604 364 2678 tamque
379 2617 489 2677 magno
504 2598 635 2678 permoti
649 2598 799 2658 auxilium
813 2617 962 2677 nusquam
976 2597 1036 2657 nisi

53 2701 76 2745 a
100 2682 346 2745 Lacedaemoniis
377 2684 553 2764 petiverunt
576 2681 849 2763 Phidippidemque
882 2701 1036 2743 cursorem

55 2768 123 2830 eius
137 2768 270 2847 generis,
285 2770 335 2849 qui
346 2769 592 2830 hemerodromoe
603 2778 761 2844 vocantur,
776 2768 1035 2830 Lacedaemonem

54 2854 213 2929 miserunt,
235 2859 269 2916 ut
290 2855 458 2930 nuntiaret,
489 2873 581 2933 quam
601 2855 693 2915 celeri
713 2874 789 2934 opus
809 2858 890 2916 esset
910 2853 1033 2916 auxilio.
1056 2839 1100 2904 30

10 2964 12 2969 ·
55 2938 149 3003 Domi
163 2944 265 3001 autem
279 2945 383 3002 creant
397 2941 502 3001 decem
516 2941 687 3020 praetores,
711 2939 763 3021 qui
784 2940 934 3002 exercitui
949 2960 1035 3022 prae-

146 3028 168 3101 t,
183 3026 216 3087 in
231 3027 269 3087 iis
283 3027 463 3088 Miltiadem.
508 3024 551 3087 Hi
566 3025 660 3106 copiis
682 3026 785 3087 statim
805 3047 845 3088 ex
867 3028 943 3089 urhe
964 3028 1035 3089 edu-

10 3084 21 3149 1
69 3110 73 3115 ’
89 3110 97 3125 ”
129 3111 170 3173 ad
183 3112 287 3174 fanum
297 3112 440 3174 Herculis
455 3113 487 3173 in
498 3130 604 3193 campo
616 3111 807 3174 Marathonio
821 3114 1034 3187 consederunt;

10 3180 55 3247 'ht
131 3201 269 3273 tantem,
285 3203 319 3259 ut
334 3200 386 3260 alii
400 3199 549 3274 scribunt,
572 3217 696 3275 novem,
718 3202 753 3260 ut
771 3201 958 3280 probabilius
973 3200 1035 3273 alii,

10 3270 54 3339 Ν
66 3293 91 3334 ῑι
120 3302 173 3361 nr,
188 3304 227 3345 ex
242 3285 372 3363 singulis
388 3284 526 3346 tribubus
541 3284 664 3364 singula
678 3285 779 3360 milia;
802 3306 837 3348 eo
852 3286 968 3348 auxilio
983 3304 1035 3344 vs·
1057 3266 1099 3332 35
1144 3270 1147 3277 ¹

13 3397 21 3404 ··
41 3391 58 3416 *i
84 3397 98 3422 ιι
118 3396 124 3421 ι
141 3369 379 3445 tPlataeenses,
396 3389 473 3450 quae
485 3369 594 3432 civitas
606 3371 690 3432 mille
702 3372 786 3433 misit
796 3373 919 3433 milites.
943 3371 1035 3431 Lace·

25 3507 30 3514 „
77 3477 80 3498 ³
105 3455 209 3517 monii
221 3476 295 3518 vero
311 3476 349 3517 ne
364 3456 469 3517 statim
483 3476 570 3538 opem
585 3458 710 3533 ferrent,
726 3458 926 3537 religionibus
941 3455 1035 3534 impe-

55 3558 65 3588 «
79 3538 114 3593 ‘e
133 3544 216 3617 sunt3
237 3542 339 3622 itaque
359 3542 519 3624 postridie,
543 3562 633 3622 quam
655 3562 759 3625 pugna
779 3544 860 3604 facta
880 3544 942 3616 est,
966 3558 1036 3600 oum

22 3690 26 3697 ,
111 3654 123 3678 1
143 3626 198 3689 itu
211 3627 391 3691 Marathona
404 3632 563 3690 venerunt.
