2504 4080
171 240 216 304 50
450 243 541 306 VIII.
566 241 875 307 THRASYBULUS.

171 416 251 474 sunt.
299 409 375 474 Cum
397 413 525 494 triginta
545 414 668 496 tyranni
691 413 972 476 aLacedaemoniis
991 416 1160 496 praepositi

173 498 322 559 servitute
348 518 509 580 oppressas
535 504 675 561 tenerent
699 497 852 574 Athenas,
886 499 1037 580 plurImos
1063 503 1159 579 cives,

173 584 283 665 quibus
298 584 330 645 in
344 585 425 647 bello
440 589 621 667 pepercerat
634 586 764 661 fortuna,
779 585 890 665 partim
906 585 1007 664 patria
1022 587 1159 668 expulis-

170 673 253 747 sent,
278 670 389 752 partim
411 672 649 746 interfecissent,
674 671 875 751 plurimorum
898 671 978 731 bona
1000 672 1157 752 publicata

126 757 148 821 5
169 758 298 818 intense
313 757 503 832 divisissent,
520 777 581 818 non
595 757 692 819 solnm
708 756 863 838 princeps,
885 757 939 818 sed
960 757 1053 818 etiam
1068 759 1156 823 initio

171 844 254 905 solus
278 843 394 904 bellum
419 844 467 905 his
492 843 613 904 indixit.
658 842 738 903 Nam
765 842 831 922 ipse
856 841 888 902 in
914 842 1044 903 exilium
1069 847 1156 905 actm

171 929 292 991 Thebas
307 949 340 990 se
356 929 538 1004 contulerat3
560 929 645 1004 inde,
663 928 835 990 audendum
849 927 965 1008 aliquid
981 948 1037 1008 pro
1051 930 1156 1010 patris

170 1020 202 1076 et
220 1035 275 1095 pro
296 1014 395 1075 salute
426 1015 576 1075 communi
604 1015 696 1075 etiam
723 1033 791 1074 cum
817 1033 872 1074 suo
894 1014 1031 1094 periculo
1055 1018 1154 1092 ratus,

170 1120 238 1161 oum
253 1100 447 1180 septuaginta
461 1100 526 1161 fere
540 1101 712 1175 exsulibus,
735 1119 810 1180 qnos
825 1098 1000 1179 collegerat,
1022 1099 1154 1181 Phylen,

106 1185 147 1249 10
160 1186 407 1247 munitissimum
429 1184 550 1246 Atticae
573 1187 747 1262 castellnm,
769 1186 970 1266 expugnarit.
1014 1184 1086 1249 Hoc
1099 1185 1157 1247 ini-

168 1272 245 1333 tium
259 1270 318 1331 fuit
333 1271 441 1332 salutis
452 1269 694 1347 Atheniensium,
710 1272 767 1333 hoo
778 1271 870 1332 robur
880 1271 1033 1333 libertatis
1043 1272 1150 1333 claris

168 1357 264 1418 simae
277 1355 370 1420 urbis.
415 1356 522 1437 Neque
542 1376 616 1418 vero
641 1357 691 1417 hic
710 1377 771 1419 non
786 1359 977 1437 contemptus
990 1358 1040 1417 est
1053 1358 1155 1438 primo

168 1462 185 1504 a
200 1443 339 1524 tyrannis
362 1445 453 1523 atque
467 1444 533 1503 eius
548 1443 688 1504 solitudo.
734 1442 822 1512 Quae
838 1443 961 1522 quidem
976 1462 1026 1503 res
1041 1448 1074 1504 et
1088 1444 1154 1505 illis

167 1530 430 1593 contemnentibus
460 1529 606 1610 perniciei
638 1534 669 1590 et
693 1528 764 1589 hnic
789 1530 934 1608 despecto
962 1529 1056 1590 saluti
1083 1529 1149 1591 fnit.

104 1612 145 1678 15
168 1615 254 1678 Haec
277 1617 359 1676 enim
382 1616 453 1676 illos
475 1635 585 1694 segnes
612 1615 652 1676 ad
680 1615 939 1695 persequendum,
967 1613 1023 1675 hos
1048 1618 1152 1677 autent

166 1706 304 1781 tempore
327 1702 366 1761 ad
388 1701 625 1780 comparandum
648 1701 719 1761 dato
743 1700 929 1763 robustiores
953 1700 1035 1760 fecit.
1081 1699 1154 1771 Quo

167 1788 267 1866 magis
288 1790 482 1866 praeceptum
506 1786 583 1847 illud
606 1787 740 1846 omnium
763 1786 795 1846 in
818 1786 927 1847 animis
955 1805 1023 1846 esse
1049 1787 1151 1863 debet,

167 1873 243 1933 nibil
259 1873 291 1933 in
305 1872 385 1933 bello
401 1874 540 1951 oportere
555 1872 721 1946 contemni,
742 1891 841 1952 neque
863 1872 929 1932 sine
950 1889 1044 1933 causa
1065 1872 1154 1935 aiunt

166 1962 296 2020 matrem
311 1958 411 2019 timidi
426 1958 500 2018 flere
514 1976 575 2017 non
590 1957 697 2018 solere.

104 2042 211 2107 20111
254 2043 348 2105 Brevi
372 2062 445 2104 vero
461 2047 568 2105 auctae
583 2047 654 2103 sunt
669 2061 741 2122 opes
756 2042 830 2117 eine,
853 2042 961 2104 utiam
976 2044 1153 2125 septingen-

167 2136 215 2192 tos
237 2131 359 2192 exsules
380 2148 483 2190 secum
506 2129 639 2189 haberet.
685 2126 762 2190 Cum
783 2129 879 2207 igitur
899 2130 1023 2210 tyranni
1038 2129 1152 2191 intelli-

167 2225 289 2294 gerent,
310 2235 371 2276 non
393 2215 596 2275 cunctandum
617 2214 746 2289 diutins,
768 2214 916 2294 impetum
935 2215 967 2275 ln
989 2215 1152 2277 castellum

166 2303 317 2375 t’ecerunt;
352 2301 407 2360 sed
439 2301 554 2379 repulsi
581 2319 649 2362 cum
675 2300 831 2362 obsidione
857 2300 999 2362 claudere
1024 2300 1152 2377 vellent,

166 2386 285 2464 ingenti
306 2386 339 2447 vi
361 2386 493 2462 nivium,
516 2405 593 2465 quae
616 2389 706 2446 noctu
729 2386 894 2460 ceciderat,
918 2387 1015 2448 coacti
1032 2386 1153 2449 suntin

85 2471 144 2551 *25
167 2472 274 2532 urbem
289 2471 397 2532 redire.
442 2468 561 2533 Deinde
577 2471 789 2552 Thrasybulus
803 2471 835 2532 in
850 2470 1012 2533 Piraeeum
1026 2473 1153 2534 transiit

166 2557 423 2638 Munychiamoue
445 2558 584 2619 munivit.
629 2556 719 2618 Hanc
741 2558 864 2638 tyranni
885 2577 1063 2638 oppugnare
1077 2561 1152 2620 sunt

167 2644 265 2706 adorti
286 2644 324 2705 ab
339 2663 434 2723 eaque
448 2645 581 2724 turpiter
600 2643 716 2723 repulsi
731 2643 870 2724 protinus
885 2643 917 2703 in
931 2645 1039 2707 urbem
1054 2644 1153 2706 armis

165 2730 450 2812 impedimentisque
473 2731 595 2792 arnissis
617 2732 803 2810 refugerunt.
849 2727 930 2790 Usus
952 2734 1000 2791 est
1013 2729 1150 2810 Thrasy-

166 2818 256 2878 bulus
271 2837 330 2880 non
345 2816 446 2878 minus
461 2816 622 2898 prudentia
637 2835 727 2896 quam
741 2815 927 2878 fortitudine.
971 2815 1052 2877 Nam
1066 2820 1152 2897 post·

101 2900 144 2964 30
166 2922 257 2980 quam
271 2904 334 2964 acri
349 2903 485 2966 oratione
500 2923 570 2965 suos
586 2902 760 2963 cohortatus
775 2905 830 2977 est,
845 2900 1054 2981 praedictione
1068 2901 1153 2963 vatis

165 2987 337 3048 admonitus
357 3009 417 3051 non
438 2990 523 3070 prius
542 2988 692 3069 proelium
714 2988 880 3062 commisit,
904 3007 994 3068 qnam
1015 2987 1085 3068 quis
1107 3007 1149 3049 ex

165 3072 229 3131 suis
243 3074 422 3135 vulneratus
437 3078 531 3148 essct;
548 3073 689 3135 cedentes
704 3072 814 3134 violari
830 3074 943 3150 vetuit,
967 3073 1051 3135 cives
1067 3073 1149 3134 enim

165 3157 284 3217 ciuibus
309 3177 435 3237 parcere
460 3178 590 3238 aequum
616 3159 766 3219 censebat.
811 3159 972 3221 Neminem
997 3159 1149 3222 iacentem

165 3247 252 3305 veste
267 3244 420 3323 spoliavit,
443 3244 519 3304 nihil
534 3243 640 3322 attigit
653 3244 711 3304 nisi
728 3263 821 3320 arma,
838 3264 966 3325 qnorum
980 3245 1150 3325 indigebat,

99 3329 143 3392 35
167 3348 303 3410 quaeque
324 3329 363 3390 ad
385 3330 501 3391 victum
521 3329 720 3409 pertinebant.
765 3331 803 3390 In
823 3331 880 3392 hoo
898 3331 1014 3412 proelio
1036 3330 1152 3393 cecidit

166 3413 292 3492 Critias,
307 3415 372 3477 dux
386 3418 594 3495 tyrannorum,
616 3435 685 3477 cum
706 3416 830 3497 quidem
850 3418 998 3479 adversus
1013 3417 1150 3497 Thrasy·

164 3501 270 3562 bulnm
285 3501 451 3563 fortissime
466 3504 626 3581 pugnaret,
643 3507 674 3564 et
688 3505 811 3583 praeter
826 3523 896 3566 eum
907 3502 1148 3585 Hippomacbns.

165 3585 225 3648 Ilia
240 3587 365 3648 deiectis
380 3588 503 3666 tyranni
523 3588 710 3669 principibus
726 3589 824 3653 orbati
838 3588 1015 3652 Eleusinem
1029 3609 1063 3651 se
1079 3607 1151 3651 con-

187 3796 217 3856 A
