2504 4080
225 110 290 174 110
559 111 634 172 XX.
657 109 865 172 DATAMES.

224 305 295 347 eum
309 303 363 364 par
377 303 437 345 non
460 303 541 358 esso,
568 284 622 343 sed
644 302 748 344 omnes
769 282 930 343 confestim
949 284 1054 363 sequi:
1082 288 1209 365 quodsi

224 374 324 431 animo
340 377 462 431 strenuo
477 370 634 444 fecissent,
656 370 793 429 futurum
815 373 850 430 ut
871 369 1045 431 adversarii
1067 392 1129 434 non
1143 394 1206 454 pos·

224 464 293 516 sent
314 457 469 531 resistere,
495 475 563 516 cum
584 464 615 515 et
635 455 716 516 intra
730 455 846 514 vallum
862 462 893 515 et
907 456 983 516 ioris
999 458 1207 521 caederentur.

224 543 346 621 Hacure
367 544 494 623 probata
514 541 684 602 exercitum
709 540 823 615 educit,
851 539 1122 605 Metrobarzanem
1144 566 1206 626 per-

179 629 202 694 5
224 630 360 708 seqnitur
376 638 502 689 tantum.
525 626 587 696 Qui
603 645 671 686 cum
683 627 722 687 ad
737 628 838 687 hostes
854 635 1052 707 pervenerat,
1068 630 1205 694 Datames

224 716 313 794 signa
327 716 433 775 inferri
447 714 539 774 iubet.
562 712 684 773 Pisidae
699 732 778 774 nova
792 732 826 772 re
837 715 982 773 commoti
993 716 1026 775 in
1039 717 1201 796 opinionem

225 803 415 863 adducuntur
437 800 581 880 perfugas
603 798 762 859 malefida
784 794 1146 878 compositoquelfecisse,
1168 806 1199 864 nt

223 889 337 968 recepti
354 887 460 947 maiori
475 889 578 945 esseut
593 885 766 949 calamitati.
798 884 934 945 Primum
950 905 1006 946 eos
1022 888 1192 950 adoriuntur.

224 975 277 1034 Illi
292 992 361 1032 cum
377 972 449 1050 quid
465 979 607 1050 ageretur
621 974 674 1032 aut
688 991 781 1049 quare
795 970 882 1032 lieret
896 971 1096 1050 ignorarent,
1114 974 1194 1037 coacti

160 1059 203 1123 10
225 1064 296 1118 sunt
318 1077 387 1117 cum
408 1058 452 1116 eis
472 1074 623 1136 pugnare,
652 1057 689 1116 ad
715 1076 790 1136 qnos
815 1059 1018 1134 transieram,
1047 1061 1089 1123 ab
1111 1062 1198 1141 eisque

224 1150 319 1218 stare,
343 1162 418 1222 quos
438 1143 630 1222 reliquerant.
683 1142 892 1212 Quibuscum
912 1146 1017 1206 neutri
1040 1148 1200 1227 parcerent,

225 1229 364 1290 celeriter
379 1235 450 1290 sunt
464 1228 586 1293 concisi.
622 1227 770 1308 Reliquos
784 1227 904 1289 Pisidas
920 1231 1108 1295 resistentes
1121 1233 1201 1294 Data

224 1336 288 1377 mes
305 1316 435 1377 invadit:
451 1317 549 1396 primo
564 1315 681 1395 impetu
703 1315 806 1394 pellit,
821 1315 973 1394 fugientes
997 1321 1200 1399 persequitur:

223 1404 335 1464 multos
351 1402 508 1477 interdicit,
524 1406 624 1462 castra
638 1401 769 1461 hostium
786 1405 874 1481 sapit.
920 1400 989 1463 Tali
1006 1406 1138 1467 consilio
1150 1422 1200 1465 uno

160 1487 201 1552 15
224 1495 360 1568 tempore
386 1495 417 1548 et
441 1489 612 1567 proditores
638 1486 769 1566 perculit
794 1500 825 1547 st
844 1488 947 1548 hostes
972 1491 1154 1570 profligavit
1174 1493 1200 1551 ct

224 1573 303 1654 qnod
319 1574 358 1635 ad
373 1573 537 1653 perniciem
552 1592 637 1634 suam
653 1576 753 1633 luerat
768 1573 948 1652 cogitatum,
972 1575 1005 1634 id
1022 1577 1062 1637 ad
1079 1578 1198 1639 salutern
1231 1620 1237 1627 -

223 1661 382 1722 convertit
428 1658 497 1729 Quo
520 1679 618 1738 neque
641 1661 760 1719 acutius
774 1661 868 1720 ullius
883 1661 1078 1740 imperatoris
1094 1662 1202 1742 cogita·

223 1750 289 1808 tum
303 1765 400 1826 neque
415 1745 544 1807 celerius
559 1747 672 1806 factum
686 1764 813 1824 usquam
830 1746 970 1824 legimns.

136 1832 201 1895 VII
307 1830 356 1893 Ab
372 1833 429 1893 hoc
443 1836 546 1893 tamen
561 1833 627 1892 niro
639 1829 775 1911 Sysinas,
791 1834 943 1893 maximus
958 1834 1035 1893 natu
1048 1832 1141 1908 iilius,
1156 1832 1202 1895 de-

158 1917 201 1983 20
223 1918 293 1980 sciit
307 1919 347 1980 ad
360 1939 525 1998 regemque
539 1917 660 1979 transiit
675 1923 707 1978 et
721 1917 759 1978 de
779 1917 947 1979 defectione
967 1918 1064 1997 patris
1086 1918 1200 1980 detulit.

224 2004 292 2075 Quo
308 2006 413 2066 nuntio
428 2002 620 2066 Artaxerxes
642 2008 824 2078 commotus,
846 2004 925 2082 quod
940 2003 1132 2084 intelligebat
1144 2003 1201 2063 sihi

224 2110 294 2151 cum
309 2091 375 2152 viro
391 2091 463 2151 forti
478 2109 514 2152 ao
535 2098 659 2150 strenuo
678 2089 834 2170 negotium
849 2109 931 2164 esse,
957 2090 1009 2169 qui
1032 2108 1099 2151 cum
1120 2088 1201 2169 cogi·

223 2180 319 2237 tasset
332 2178 434 2237 facere
448 2177 575 2237 auderet
589 2179 621 2236 et
634 2177 719 2257 prius
742 2176 878 2254 cogitare
900 2195 990 2255 quam
1012 2175 1116 2237 conari
1136 2194 1202 2237 con·

223 2268 357 2338 suesset,
379 2261 641 2342 Autophradatem
657 2263 688 2323 in
705 2259 926 2342 Cappadociam
942 2261 1046 2322 mittit.
1092 2261 1154 2322 Hic
1165 2279 1201 2323 ne

158 2343 201 2411 25
222 2347 336 2409 intrare
351 2355 468 2429 posset,
491 2347 613 2424 saltum,
628 2348 733 2427 inquo
750 2344 876 2408 Ciliciae
897 2351 1002 2427 portae
1025 2351 1100 2409 sunt
1119 2348 1199 2422 sitae,

221 2434 366 2495 Datames
392 2451 613 2514 praeoccupare
637 2433 761 2494 studuit.
807 2431 867 2494 Sed
889 2436 952 2496 tum
975 2432 1077 2494 subito
1105 2433 1199 2514 copias

222 2521 400 2584 contrahere
413 2541 474 2582 non
488 2520 595 2601 potuit.
640 2517 668 2579 A
684 2538 744 2599 qua
757 2538 790 2579 re
806 2519 951 2598 depulsus
966 2537 1037 2579 cum
1051 2537 1090 2580 ea
1104 2537 1199 2594 manu,

223 2627 314 2687 quam
329 2611 530 2681 contraxerat,
546 2605 645 2667 locum
661 2605 771 2684 deligit
784 2605 886 2678 talem,
901 2608 1048 2684 utusque
1063 2606 1200 2668 circuire

222 2699 273 2753 tur
287 2695 326 2754 ab
341 2694 479 2756 hostibus
493 2712 591 2772 neque
606 2693 787 2773 praeteriret
801 2691 1008 2765 adversarios,
1034 2691 1110 2770 quin
1125 2690 1207 2755 anci·-

157 2771 201 2837 30
222 2778 337 2858 pitibus
360 2781 435 2842 locis
459 2785 660 2859 premeretur,
684 2780 724 2854 et,
746 2778 772 2838 si
795 2777 940 2840 dimicare
962 2795 1031 2859 cum
1046 2797 1083 2838 eo
1098 2778 1199 2853 vellet,

221 2881 284 2923 non
309 2865 438 2927 multum
464 2866 572 2927 obesse
596 2863 760 2925 multitudo
791 2863 924 2924 hostium
955 2881 1028 2924 suae
1057 2861 1200 2944 paucitati

221 2953 333 3028 posset.

136 3032 217 3096 VHI
308 3033 395 3095 Haec
409 3035 468 3095 etsi
482 3034 727 3117 Autophradates
741 3035 880 3111 videbat,
895 3037 997 3095 tamen
1013 3034 1122 3096 statuit
1137 3053 1201 3097 con·

222 3120 310 3201 gredi
334 3121 448 3201 potius,
471 3139 562 3199 quam
584 3140 652 3181 cnm
676 3121 768 3182 tantis
792 3121 886 3201 copiis
907 3122 1048 3200 refugere
1072 3127 1127 3182 aut
1140 3127 1202 3183 tan

157 3203 200 3268 35
222 3209 275 3270 diu
290 3227 349 3269 uno
372 3208 438 3268 loco
459 3207 572 3267 sedere.
617 3207 759 3268 Habebat
783 3207 979 3268 barbarorum
1000 3206 1138 3285 equitum
1159 3205 1202 3266 vi·

221 3296 308 3375 ginti,
325 3294 460 3375 peditum
476 3296 597 3353 centum
613 3294 711 3369 milia,
736 3313 811 3373 quos
826 3294 872 3353 illi
888 3293 1031 3353 cardacas
1046 3292 1203 3373 appellant

221 3382 417 3460 eiusdemque
431 3380 554 3458 generis
569 3379 628 3440 tria
642 3379 726 3440 milia
739 3379 934 3454 funditorum,
950 3382 1110 3459 praeterea
1126 3375 1203 3459 Cap

222 3468 371 3547 padoeum
385 3474 452 3529 octo
468 3465 562 3538 milia,
577 3463 791 3526 Armeniorum
805 3464 910 3526 decem
920 3465 1014 3540 milia,
1028 3462 1202 3544 Paphlago·
