2504 4080
395 256 471 319 XX.
495 256 702 321 DATAMES.
981 258 1041 321 111

62 448 137 490 num
158 429 292 510 quinque
317 429 415 504 milia,
443 428 605 511 Phrygum
632 432 736 491 decem
761 431 859 505 milia,
886 431 1044 511 Lydorum

63 516 195 596 quinque
218 517 318 591 milia,
344 515 568 598 Aspendiorum
591 522 622 578 et
643 516 816 577 Pisidarum
842 517 963 578 circiter
986 519 1044 579 tria

61 602 156 676 milia,
173 599 303 663 Cilicum
315 604 383 675 duo,
401 600 617 682 Captianorum
630 603 764 676 totidem,
781 623 821 663 ex
833 600 964 664 Graecia
975 623 1043 666 con-

61 687 222 749 ductorum
235 689 304 763 tria,
319 688 398 749 levis
412 700 585 750 armaturae
600 690 769 749 maximum
785 708 953 749 numerum.
977 689 1043 750 Has

63 773 211 835 adversus
225 775 326 855 copias
340 794 411 856 spes
427 775 525 835 omnis
541 776 725 836 consistebat
739 775 861 836 Datami
876 775 907 833 in
923 794 956 834 se
971 775 1041 835 loci·
1063 774 1090 838 t'r

65 878 125 938 que
139 864 253 922 natura.
299 860 439 939 Namque
462 862 552 920 huius
573 868 691 940 partem
712 881 772 921 non
788 861 920 920 habebat
934 860 1042 920 vicesi-

62 963 144 1009 mam
158 946 296 1007 militum.
341 945 460 1015 Quibus
475 947 571 1007 fretus
587 948 724 1008 conflixit
738 947 1042 1024 adversariorumque

57 1032 158 1092 multa
172 1032 258 1092 milia
273 1033 412 1105 concidit,
436 1052 504 1093 cum
519 1034 558 1093 de
572 1034 668 1113 ipsius
684 1036 821 1094 exercitu
836 1052 896 1093 uon
911 1033 1042 1111 amplius

57 1117 198 1178 homines
213 1118 297 1178 mille
313 1118 501 1179 cecidissent.
547 1119 646 1189 Quam
661 1121 699 1180 ob
715 1139 837 1180 causam
852 1124 973 1200 postero
992 1119 1041 1179 die

56 1207 219 1283 tropaeum
234 1204 349 1285 posuit,
372 1224 430 1283 quo
446 1206 511 1266 loco
531 1206 629 1286 pridie
651 1217 819 1286 pugnatum
841 1217 914 1267 erat.
959 1204 1041 1265 Hinc
1065 1202 1112 1268 111

58 1307 128 1349 oum
150 1294 251 1351 castra
271 1290 418 1351 movisset
438 1311 617 1372 semperque
639 1292 764 1352 inferior
785 1293 880 1372 copiis
903 1292 1041 1371 superior

57 1376 200 1436 omnibus
214 1376 338 1456 proeliis
353 1377 535 1451 discederet,
559 1378 639 1456 quod
653 1396 818 1454 numquam
832 1397 955 1437 manum
970 1396 1040 1437 con-

55 1468 182 1536 sereret,
197 1462 258 1523 nisi
272 1481 341 1522 cum
356 1463 547 1524 adversarios
558 1463 693 1523 locorum
704 1462 855 1540 angustiis
871 1462 1040 1535 clausisset,

56 1549 140 1627 quod
161 1549 261 1628 perito
282 1549 442 1628 regionum
464 1549 634 1628 callideque
656 1548 803 1626 cogitanti
819 1566 910 1629 saepe
924 1548 1041 1608 accide-

56 1633 125 1708 bat,
141 1632 400 1714 Autophradaten,
424 1653 494 1695 cum
516 1636 632 1696 bellum
647 1635 716 1695 duci
731 1635 846 1695 maiore
860 1635 944 1712 regis
961 1633 1040 1694 cala·
1064 1629 1111 1693 151

55 1719 166 1780 mitate
180 1739 272 1800 quam
286 1721 530 1782 adversariorum
545 1722 677 1796 videret,
694 1740 801 1802 pacem
816 1721 1041 1798 amicitiamque

57 1805 198 1867 hortatus
211 1811 274 1882 est,
289 1811 324 1867 11
338 1826 408 1867 cum
422 1827 497 1886 rege
510 1808 542 1868 in
556 1808 687 1888 gratiam
701 1808 824 1868 rediret.
870 1806 972 1877 Quam
987 1807 1040 1865 ille

60 1889 121 1949 etsi
141 1889 231 1953 fidam
250 1911 311 1954 non
332 1893 397 1954 fore
417 1894 557 1972 putabat,
584 1899 686 1955 tamen
708 1893 909 1954 conditionem
924 1891 1041 1970 accepit

60 1977 213 2055 seque·ad
227 1977 434 2039 Artaxerxem
453 1980 572 2058 legatos
593 1979 759 2040 missurum
780 1979 867 2039 dixit
912 1975 1039 2036 811111-

59 2060 141 2138 lum,
166 2065 243 2142 quod
263 2084 321 2126 rex
341 2065 488 2125 adversus
508 2065 659 2126 Datamen
684 2068 872 2144 susceperat,
900 2062 1039 2123 sedatum
1061 2056 1112 2123 20

57 2155 115 2208 111
159 2147 405 2231 Autophradates
420 2151 452 2211 in
467 2150 637 2231 Phrygiam
652 2171 685 2212 se
700 2152 825 2230 recepit.

143 2232 271 2312 Atrax,
297 2238 376 2315 quod
397 2237 590 2318 implacabile
609 2237 712 2298 odium
726 2238 758 2298 in
773 2236 923 2297 Datamen
937 2252 1038 2295 susce·
1060 2231 1114 2294 IX*

56 2325 159 2400 perat,
185 2325 345 2402 postquam
367 2323 448 2384 bello
475 2342 545 2384 eum
566 2323 695 2405 opprimi
717 2341 778 2383 uon
802 2340 891 2402 posse
904 2321 1039 2384 animad-

54 2407 159 2483 vertit,
175 2408 295 2469 insidiis
309 2408 478 2470 interficere
493 2410 623 2470 studuit:
643 2428 720 2488 quae
733 2409 787 2469 1111
801 2409 961 2489 plerasque
976 2408 1040 2468 evi-

55 2493 150 2554 tavit:
170 2494 263 2569 sicut,
287 2513 356 2555 cum
370 2495 544 2555 nuntiatum
559 2507 641 2557 11111
655 2494 802 2574 quosdam
817 2495 875 2555 sibi
890 2492 1037 2566 insidiari,
1061 2486 1108 2552 211

56 2577 111 2657 qui
131 2578 165 2639 111
177 2581 344 2641 amicorum
360 2587 446 2642 erant
460 2600 595 2642 numero.
640 2581 687 2642 De
702 2577 812 2661 quibus
827 2578 906 2659 quod
923 2578 1038 2638 inimici

55 2664 243 2741 detulerant,
267 2686 365 2746 neque
385 2667 570 2727 credendum
591 2686 689 2746 neque
710 2666 929 2744 negligendum
951 2672 1037 2742 puta-

55 2749 115 2810 vit:
139 2752 273 2832 experiri
294 2753 394 2814 voluit
415 2772 523 2814 verum
545 2752 695 2813 falsumne
716 2752 775 2812 sibi
796 2754 877 2811 esset
896 2749 1041 2809 relatum.-

54 2834 166 2915 Itaque
188 2857 223 2900 eo
238 2838 393 2919 profectus
414 2841 475 2914 est,
503 2838 535 2898 in
561 2859 620 2918 quo
646 2839 755 2899 itinere
780 2836 898 2896 futuras
913 2833 1038 2895 insidias

53 2921 207 2985 dixerant.
250 2923 311 2986 Sed
331 2925 427 3005 elegit
449 2944 574 3005 corpore
595 2943 631 2985 11
652 2927 770 2984 statura
784 2921 975 2982 simillimum
989 2921 1038 2981 sui
1060 2914 1108 2980 311

53 3008 145 3088 eique
165 3011 313 3072 vestitum
333 3032 421 3072 suum
443 3013 528 3073 dedit
550 3015 642 3091 atque
663 3029 698 3071 eo
720 3010 786 3070 loco
801 3008 860 3085 ire,
887 3027 945 3088 quo
972 3009 1038 3088 ipse

53 3105 265 3173 consueverat,
281 3098 377 3157 iussit.
400 3098 471 3178 lpse
487 3101 587 3159 autem
603 3104 711 3159 ornatu
726 3095 899 3175 vestituque
912 3095 1038 3156 militari

52 3179 136 3241 inter
151 3184 287 3262 corporis
301 3185 441 3244 custodes
456 3183 515 3244 iter
529 3185 630 3246 111111
645 3182 752 3262 coepit.
776 3180 820 3242 At
834 3182 1035 3254 insidiatores,

51 3275 216 3346 postquam
231 3269 262 3330 in
277 3270 378 3330 locum
394 3271 607 3349 praestitutum
622 3289 734 3348 agmen
749 3270 897 3349 pervenit,
917 3266 1038 3345 decepti

52 3353 161 3414 ordine
175 3359 268 3435 atque
282 3356 397 3415 vestitu
411 3356 558 3434 impetum
572 3357 605 3417 in
621 3376 690 3416 eum
710 3356 839 3429 faciunt,
861 3355 912 3433 qui
927 3370 1036 3431 suppo-
1059 3341 1106 3405 35

51 3439 131 3500 situs
147 3448 223 3503 erat.
267 3441 469 3502 Praedixerat
490 3448 592 3503 autem
613 3442 658 3503 eis
673 3442 832 3514 Datames,
856 3436 1036 3518 quibuscum

49 3526 113 3587 iter
127 3526 266 3602 faciebat,
283 3532 318 3588 ut
332 3527 431 3608 parati
446 3533 548 3588 essent
561 3528 663 3589 facere
674 3528 754 3607 quod
766 3528 866 3607 ipsum
877 3523 1034 3584 vidissent.

48 3611 140 3693 Ipse,
157 3616 190 3674 ut
204 3620 417 3677 concurrentes
438 3613 631 3676 insidiatores
651 3614 787 3675 animum
806 3610 953 3686 advertit,
975 3608 1038 3671 tela
