2504 4080
400 225 424 286 I.
448 221 685 286 MILTIADES.
1012 222 1032 286 5

54 399 148 481 pulsi,
163 402 199 459 ut
209 397 349 458 iniuriam
360 396 476 459 illatam
486 395 715 470 ulciscerentur,
727 397 855 457 feminas
868 397 1032 458 Athenien·

56 486 140 546 sium
162 503 240 564 quae
258 484 335 544 torte
355 482 386 542 iu
408 483 498 544 litore
518 483 612 543 festos
627 483 692 543 dies
707 483 822 544 Dianae
836 485 969 561 agebant
982 484 1033 544 ab·

55 575 164 652 reptas
186 588 287 630 secum
304 568 451 631 Lemnum
470 569 674 641 abduxerant,
696 571 802 648 postea
816 587 889 629 varo
905 575 935 630 et
950 569 1033 648 ipsas

57 664 91 718 et
106 657 218 718 liberos
232 675 272 715 ex
285 655 322 715 iis
336 663 494 735 susceptos
508 654 731 716 interfecerant.
778 654 926 734 Tempore
940 655 1032 715 intar-

60 743 164 817 misso,
186 741 343 802 sterilitate
366 745 397 801 et
411 760 553 822 pacorum
568 745 599 801 et
614 759 757 820 agrorum
772 758 807 800 ac
827 741 906 800 fama
926 741 1033 820 pressi,
1055 740 1075 802 5

58 835 95 889 ut
108 828 184 888 iram
198 828 321 888 deorum
338 831 520 901 averterent,
536 827 669 906 Delphos
681 827 720 887 ad
731 825 879 889 auxihum
891 833 1033 906 expeten-

56 915 132 974 dum
146 913 302 973 miserunt.
348 910 581 974 consulentibus
591 911 706 994 Pythia
718 911 880 993 praecepit,
894 919 928 972 ut
943 931 1033 991 quam

55 1017 187 1081 poenam
195 998 397 1059 Athenienses
407 999 569 1079 irrogaturi
586 999 688 1059 essent
697 999 871 1077 penderent.
894 997 1033 1059 Iiautem

54 1085 205 1164 Pelasgos
228 1090 342 1144 terram
363 1084 421 1144 sihi
441 1085 561 1146 tradere
583 1085 750 1159 iusserunt,
773 1084 853 1164 qnod
866 1083 984 1145 Lemnii
1000 1103 1033 1144 se

57 1172 193 1232 facturos
207 1170 336 1251 polliciti
352 1176 430 1246 sunt,
453 1171 479 1231 si
494 1170 589 1231 Attici
603 1174 693 1232 vento
709 1170 849 1250 aquilona
864 1176 967 1232 etune
983 1170 1033 1230 die
1056 1167 1097 1232 10

59 1257 100 1317 ad
121 1254 269 1317 Lamnum
290 1255 419 1317 insulam
441 1257 662 1336 pervenissent,
684 1258 764 1336 quod
779 1277 869 1337 posse
888 1257 954 1317 fieri
974 1276 1033 1316 non

11 1404 14 1409 ,
59 1341 283 1416 existimabant,
299 1360 367 1401 aum
382 1343 408 1401 is
422 1346 533 1402 ventus
547 1343 584 1402 ab
600 1343 855 1423 septentrionibus
871 1343 970 1403 oriens
981 1343 1032 1403 ad·

10 1472 15 1503 ,
57 1447 183 1489 versum
203 1433 320 1488 teneret
338 1425 468 1488 Athenis
482 1428 751 1509 proficiscentibus.
796 1427 903 1488 Multis
924 1428 1034 1487 deinde

58 1513 146 1577 annis
155 1513 322 1574 interiectis
333 1531 401 1573 oum
416 1514 476 1574 iam
490 1511 695 1575 Chersonesus
706 1511 939 1574 Atheniensium
953 1514 1035 1574 tacta

10 1628 16 1681 y
58 1604 154 1674 esset,
178 1599 332 1660 Miltiades
355 1619 395 1659 ex
414 1598 578 1673 Elaeunte,
601 1618 679 1678 quae
694 1601 740 1658 est
753 1599 827 1659 urbs
843 1595 1032 1671 Chersonesi,
1058 1594 1098 1660 15

10 1688 18 1747 t
58 1686 183 1747 solvens
209 1684 349 1764 aquilone
369 1683 518 1744 Lemnum
547 1684 666 1745 delatus
692 1688 740 1745 ast
764 1684 991 1764 postulavitque
1016 1704 1035 1744 a

10 1784 13 1829 :
57 1770 201 1845 Lemniis,
216 1774 251 1831 ut
264 1789 413 1831 memores
427 1770 541 1830 veteris
562 1771 703 1850 promissi
717 1771 847 1831 insulam
862 1771 921 1830 sibi
936 1771 1034 1832 trade·

10 1836 20 1895 A·
58 1860 141 1930 rent3
156 1876 189 1916 se
203 1857 282 1916 enim
297 1857 420 1916 domum
433 1853 613 1917 Chersonesi
628 1856 746 1917 hahere.
780 1855 881 1935 Atque
894 1856 1034 1936 Hephae·

10 1910 18 2013 t·
59 1941 194 2003 stianses
206 1943 327 2022 quidem
341 1940 443 2002 statim
458 1942 596 2004 obsecuti
609 1947 694 2017 sunt3
713 1942 865 2023 Myrinaei
878 1962 961 2017 uero,
983 1941 1035 2020 qui

10 2032 13 2041 '
61 2033 151 2089 arant
165 2028 247 2088 cives
262 2027 387 2088 alterius
402 2028 485 2088 urbis
500 2029 566 2089 eius
580 2029 710 2103 insulae,
734 2048 802 2090 cum
816 2047 876 2089 non
891 2028 1034 2089 concede·
1057 2024 1099 2088 20

58 2117 142 2188 rant,
171 2110 391 2175 Chersonesum
417 2133 484 2174 esse
503 2113 749 2188 Atheniensium,
778 2114 895 2175 tamdiu
919 2113 1035 2175 obsessi

58 2203 139 2275 sunt,
155 2199 254 2261 donee
267 2199 373 2259 urbem
388 2200 551 2261 traderent.
585 2201 634 2261 lta
648 2197 851 2260 Athenienses
870 2201 970 2261 insula
983 2218 1034 2279 po-

59 2285 109 2346 titi
123 2287 202 2345 sunt.

144 2369 214 2439 Quo
228 2375 363 2450 tempore
374 2369 529 2432 Miltiades
544 2371 574 2431 in
588 2368 775 2432 Chersoneso
789 2371 855 2446 fuit,
869 2369 1033 2432 Persarum
1055 2370 1107 2430 ΠΙ

58 2475 118 2517 rex
128 2454 248 2531 Darius,
264 2457 429 2536 Hystaspis
444 2456 534 2531 filius,
550 2476 590 2517 ex
600 2456 676 2518 Asia
690 2457 722 2517 in
734 2456 888 2538 Europam
899 2457 1036 2518 exercitu
1053 2453 1100 2516 '25

57 2542 186 2604 traiecto
202 2539 324 2622 Scythis
340 2544 454 2603 ballum
470 2543 582 2603 inferre
597 2543 740 2604 decrevit.
775 2543 903 2604 Pontem
918 2543 990 2603 lecit
1005 2544 1036 2602 in

58 2628 166 2689 Histro
180 2628 313 2706 flumine,
328 2649 387 2709 quo
402 2628 504 2708 copias
518 2629 699 2689 traduceret.
744 2627 820 2689 Eius
835 2629 943 2709 pontis,
964 2629 1036 2688 dum

57 2714 128 2795 ipse
151 2714 285 2789 abesset,
308 2715 448 2775 custodes
469 2715 605 2792 reliquit,
629 2734 704 2793 quos
727 2733 829 2774 secum
848 2733 889 2774 ex
903 2714 991 2774 Ionia
1005 2716 1036 2773 et

56 2799 190 2861 Aeolide
205 2806 236 2860 et
250 2799 451 2880 Hellesponto
467 2801 610 2874 duxerat,
634 2799 743 2878 quibus
758 2799 888 2877 singulis
902 2799 1036 2879 ipsarum

56 2885 181 2949 urbium
207 2888 355 2966 ,perpetua
382 2886 508 2947 dederat
531 2884 667 2965 imperia.
719 2882 770 2945 Sic
789 2885 871 2946 enim
890 2885 1036 2946 facillime
1058 2882 1101 2946 30

56 2971 181 3055 putavit
194 2991 228 3032 ae
243 2968 362 3033 Graeca
382 2972 489 3050 lingua
503 2972 660 3050 loquentes
682 2971 734 3050 qui
747 2970 854 3033 Asiam
868 2971 1037 3033 incolerent

56 3058 117 3119 sub
133 3075 191 3117 sua
204 3060 393 3119 retenturum
408 3060 568 3138 potestate,
584 3058 611 3118 si
626 3057 731 3119 amieis
746 3057 809 3118 suis
825 3059 936 3139 oppida
949 3061 1035 3119 tuen-

57 3144 101 3205 da
114 3143 301 3218 tradidisset,
318 3143 426 3222 quibus
442 3163 475 3204 se
490 3162 633 3224 oppresso
649 3143 732 3206 nulla
747 3164 816 3225 spes
827 3145 935 3206 salutis
946 3145 1037 3205 relin-

58 3232 213 3309 queretur.
257 3230 295 3289 In
316 3230 373 3290 hoo
392 3229 451 3290 fuit
472 3232 537 3289 tum
566 3250 691 3291 numero
712 3229 881 3306 Miltiades,
909 3231 957 3291 eui
983 3231 1038 3290 illa

56 3315 198 3377 custodia
218 3316 400 3377 crederetur.
445 3315 557 3375 Darius
576 3320 679 3378 autem
700 3316 731 3376 in
751 3323 833 3379 terra
853 3315 1036 3397 Scytharum
1059 3308 1101 3373 35

56 3406 125 3462 lam
138 3401 219 3463 male
232 3420 297 3462 rem
312 3401 416 3481 gessit,
432 3405 467 3460 ut
481 3401 520 3460 de
529 3398 631 3462 r'editu
642 3402 803 3480 cogitaret3
820 3401 951 3483 Scythae
963 3419 1036 3461 vero

56 3487 120 3549 iter
140 3486 291 3548 exercitus
311 3487 475 3548 Persarum
500 3491 726 3549 antevertentes
753 3509 821 3549 oum
851 3489 889 3550 ad
914 3489 1038 3568 pontem

57 3573 273 3655 peruenissent
292 3578 323 3635 et
343 3570 504 3634 aGraecis
525 3574 725 3654 postularant,
748 3581 782 3634 ut
802 3595 871 3635 eum
885 3572 1036 3634 rescinde-
