2504 4080
435 232 528 295 XIX.
550 231 756 296 EUMENES.
1021 233 1084 298 103

100 406 152 469 illi
165 405 315 467 fecerunt:
332 424 387 467 sua
398 405 632 492 intemperantia
643 405 795 485 nimiaque
806 405 929 468 licentia
939 410 974 468 ut
985 408 1086 470 omnia

102 493 248 573 perdant,
276 511 373 571 neque
398 492 498 553 minus
524 511 576 553 eos
602 493 783 571 quibuscum
811 495 965 569 steterint,
996 513 1086 573 quam

100 579 253 641 adversus
269 597 343 657 quos
359 577 493 639 fecerint.
539 576 630 647 Quod
650 577 676 637 si
700 578 767 657 quis
778 595 781 601 ’
791 578 914 640 illorum
927 586 1086 642 veterano-

100 685 173 729 rum
187 665 271 744 legat
285 666 374 738 facta,
391 664 476 743 paria
490 664 598 724 horum
611 667 783 742 cognoscat,
798 683 897 744 neque
911 685 977 727 rem
990 667 1086 728 ullam

102 750 166 813 nisi
179 752 298 830 tempus
313 750 461 810 interesse
475 749 597 812 iudicet.
630 747 691 810 Sed
706 750 745 811 ad
760 750 829 811 illos
844 755 990 813 revertar.
1029 751 1085 813 Hi·
1105 749 1128 814 5

103 836 201 897 berra
220 844 414 916 sumpserant
438 855 499 897 non
520 836 559 895 ad
580 855 671 897 usum
693 835 780 911 belli,
808 837 863 897 sed
888 837 927 897 ad
949 837 1085 916 ipsorum

103 921 267 995 luxuriam,
284 923 434 1001 longeque
448 922 528 997 inter
543 941 576 982 se
591 921 800 984 discesserant
829 921 898 985 Hoc
912 921 1085 1002 Antigonus

98 1009 396 1088 oum'ccmperisset
420 1007 665 1088 intelligeretque
690 1028 724 1071 se
745 1027 850 1088 parem
871 1028 931 1071 non
951 1029 1019 1069 esse
1034 1029 1085 1089 pa·

99 1095 178 1165 ratis
193 1094 386 1170 adversariis,
407 1094 515 1155 statuit
530 1094 647 1174 aliquid
661 1095 720 1155 sibi
735 1094 853 1157 consilii
868 1095 940 1157 novi
954 1114 1022 1157 esse
1037 1114 1085 1157 ca-

96 1180 255 1262 piendum.
288 1181 373 1248 Duae
388 1187 475 1247 erant
489 1181 566 1254 viae,
583 1200 643 1259 qua
659 1200 699 1241 ex
713 1179 822 1254 Medis,
838 1181 890 1242 uhi
906 1180 958 1241 ille
973 1181 1086 1244 hiema-
1109 1179 1151 1251 10

101 1267 169 1342 bat,
204 1266 244 1333 all
281 1266 525 1336 adversariorum
560 1267 758 1331 hibernacula
786 1271 891 1348 posset
919 1268 1083 1348 perveniri.

98 1351 241 1428 Quarum
256 1352 379 1417 brevior
403 1372 458 1432 per
480 1353 548 1419 loca
571 1352 707 1427 deserta,
730 1371 808 1431 quae
830 1373 918 1415 nemo
935 1354 1086 1428 incolebat

98 1445 226 1520 propter
241 1456 338 1517 aquae
352 1439 499 1518 inopiam,
522 1441 656 1499 ceterum
671 1438 791 1499 dierum
808 1443 875 1501 erat
888 1439 953 1499 fere
968 1439 1083 1516 decem,

96 1525 158 1595 illa
171 1528 288 1600 autem,
310 1544 372 1604 qua
391 1543 495 1599 omnes
510 1524 733 1596 commeabant,
757 1524 853 1592 altaro
868 1528 951 1589 tanto
966 1524 1081 1604 longio-

98 1631 168 1679 rem
197 1611 327 1680 hahebat
351 1610 535 1685 anfractum,
570 1610 624 1671 sed
650 1612 716 1670 erat
741 1609 865 1690 copiosa
887 1609 1083 1688 omniumque
1106 1605 1148 1679 15

97 1716 205 1767 rorum
234 1696 400 1763 mundans.
451 1695 520 1762 Hae
548 1695 574 1757 si
603 1695 859 1776 proficisceretur,
889 1696 1084 1775 intelligebat

99 1782 189 1863 prius
210 1783 402 1852 adversarios
422 1782 586 1853 rescituros
608 1782 647 1842 de
669 1801 723 1842 suo
739 1782 887 1856 adventu,
911 1801 1003 1862 quam
1017 1782 1083 1862 ipse

99 1868 224 1937 tertiam
237 1872 357 1949 partem
372 1868 552 1937 confecisset
565 1867 698 1933 itineris:
721 1868 768 1929 sin
782 1888 837 1949 per
852 1868 919 1931 loca
933 1867 999 1931 sola
1014 1888 1083 1930 con-

102 1953 254 2029 tenderat,
277 1955 419 2034 sperabat
433 1973 467 2021 se
481 1953 706 2035 imprudentem
724 1953 842 2021 hostem
857 1973 1082 2037 oppressurum.

100 2039 156 2113 Aa
170 2039 244 2111 hane
258 2060 324 2105 rem
335 2039 552 2108 conficiendam
563 2039 726 2120 imperarit
737 2059 827 2119 quam
838 2039 985 2120 plurimos
997 2046 1081 2105 utres
1105 2035 1148 2103 20

99 2129 195 2205 atqua
209 2126 299 2191 stiam
315 2126 429 2195 culleos
445 2126 622 2206 comparari,
638 2126 796 2206 posthaec
816 2126 973 2206 pabulum,
996 2145 1083 2206 pras-

99 2216 188 2279 tsrea
201 2212 317 2273 cibaria
330 2216 416 2274 cocta
428 2212 548 2272 dierum
562 2212 681 2286 decem,
702 2216 738 2272 ut
752 2231 843 2291 quam
858 2213 984 2273 minime
996 2212 1084 2275 flerat

99 2298 184 2377 ignis
198 2298 228 2364 in
244 2297 365 2367 castris:
381 2298 512 2376 iterque
528 2298 639 2359 habeat
652 2316 756 2359 omnes
771 2299 858 2369 celat.
893 2296 944 2359 Sic
958 2303 1083 2378 paratus

98 2403 164 2464 qua
178 2384 377 2451 constituerat
390 2383 555 2464 proficiscit
593 2431 599 2444 .

143 2469 311 2539 Dimidium
336 2471 400 2531 fers
424 2469 557 2549 spatium
583 2470 769 2547 confecerat,
796 2487 865 2530 cum
891 2489 932 2531 ex
956 2469 1041 2533 fumo
1063 2466 1170 2539 Ilias

96 2560 272 2625 castrorum
293 2556 358 2621 sius
382 2555 513 2636 suspicio
535 2557 629 2618 allata
648 2561 695 2617 est
715 2556 754 2617 ad
776 2554 945 2617 Eumenem
965 2557 1083 2617 hostem

97 2642 352 2723 appropinquare.
375 2638 568 2703 Conveniunt
578 2642 682 2703 duces:
694 2642 859 2721 quaeritur,
872 2642 944 2721 quid
956 2660 1032 2721 opus
1043 2642 1084 2702 sit

99 2730 190 2797 fanto.
236 2727 453 2807 intelligebant
467 2747 571 2788 omnes
585 2729 650 2787 tam
665 2728 805 2789 celeriter
825 2728 926 2806 copias
947 2727 1083 2807 ipsorum

98 2814 240 2877 contrahi
255 2833 314 2874 non
329 2833 432 2894 posse,
455 2833 545 2892 quam
561 2812 733 2893 Antigonus
748 2811 895 2875 affuturus
909 2813 1079 2874 videbatur.

100 2899 163 2961 Hic
178 2900 317 2962 omnibus
332 2901 533 2961 titubantibus
548 2905 579 2960 et
594 2899 632 2959 de
647 2900 738 2960 rebus
753 2899 880 2960 summis
895 2899 1083 2979 desperanti·
1105 2895 1148 2961 30

99 2987 160 3046 bus
175 2985 327 3047 Eumenes
348 2986 403 3059 ait,
428 2986 454 3046 si
475 2986 660 3047 celeritatem
676 2985 772 3047 velint
786 2985 928 3046 adhibere
944 2991 976 3045 et
988 2985 1083 3066 impe-

100 3081 171 3133 rata
185 3073 294 3148 facere,
311 3072 390 3150 quod
406 3076 476 3133 ante
491 3091 551 3134 nou
565 3073 706 3145 fecerint,
723 3090 835 3132 serem
852 3072 1081 3151 expediturum:

100 3177 174 3218 narn
194 3158 275 3237 quod
296 3159 402 3218 diebus
423 3159 555 3237 quinque
576 3160 670 3220 hostis
685 3157 832 3219 transisse
853 3165 969 3238 posset,
993 3178 1026 3219 se
1041 3158 1082 3218 ef-

101 3245 254 3305 fecturum
268 3249 303 3305 ut
323 3263 383 3304 non
404 3246 504 3304 minus
525 3245 653 3305 totidem
668 3244 787 3306 dierum
802 3246 899 3325 spatio
915 3245 1083 3306 retardare-

100 3333 167 3391 tur:
183 3350 277 3409 quare
292 3330 494 3403 circumirent,
511 3349 581 3391 suas
597 3332 724 3410 quisque
744 3332 956 3392 contraherent
971 3330 1080 3409 copias.
1104 3322 1148 3392 ab

99 3417 153 3476 Ad
170 3417 317 3496 Antigoni
331 3423 434 3484 autem
449 3416 664 3477 refrenandum
679 3419 827 3497 impeturn
842 3418 904 3477 tale
919 3416 1000 3494 capit
1015 3434 1083 3475 con-

97 3502 214 3563 silium.
238 3499 344 3564 Certos
356 3501 451 3562 mittit
461 3502 598 3562 homines
611 3503 649 3563 ad
660 3502 779 3563 infimos
790 3508 916 3575 montes,
934 3501 985 3580 qui
1000 3500 1083 3561 obvii

97 3592 192 3650 erant
212 3589 314 3650 itineri
336 3587 594 3664 adversariorum,
618 3589 721 3667 eisque
742 3588 904 3668 praecipit,
929 3593 964 3648 ut
984 3587 1085 3666 prima
