2504 4080
379 189 434 254 VI.
457 187 721 256 ALCIBIADES
1004 189 1046 255 39

47 361 259 446 stipendium,
283 362 365 442 quod
384 360 634 424 Leoedaemoniis
656 380 753 441 usque
774 363 814 424 ad
833 361 912 425 illud
927 365 1047 445 tempus

56 447 284 531 pependerant,
312 447 520 522 imminueret,
541 465 642 528 neque
662 445 725 508 iem
746 465 843 509 naves
871 447 1017 529 longas
1008 449 1047 510 ris

63 533 321 599 subministraret.

147 620 199 681 Ita
211 617 326 700 praede
340 616 442 681 onusti
452 616 636 698 loeupletato
645 616 786 679 exercito
796 617 939 680 maximis
954 619 1133 684 rebusVIH

54 704 158 786 ¹gestis
172 701 310 765 Athenas
323 704 480 765 venerunt.
515 702 574 764 His
590 721 659 764 eum
674 702 797 765 obviam
810 703 955 767 universa
971 703 1046 765 eivi-
1066 704 1088 769 5

56 794 110 852 tes
122 789 157 852 in
170 787 332 852 Piraeeum
346 788 568 863 descendisset,
591 789 678 850 tante
697 787 756 848 fuit
777 789 912 850 omnium
937 808 1046 871 exspe-

54 875 152 938 ›etatio
164 873 285 938 visendi
296 872 475 949 Aleibiadis,
491 875 526 935 ιιι
535 874 575 936 ad
586 873 652 935 eius
664 873 819 935 triremem
830 874 961 958 populus
975 893 1046 937 eon-

56 962 177 1036 flueret
193 960 321 1042 proinde
336 978 373 1022 ae
387 959 414 1021 si
428 959 511 1021 solus
526 959 710 1022 advenisset.
755 957 807 1021 Sic
828 959 910 1023 enim
933 960 1045 1041 populo

59 1048 127 1108 erat
161 1065 342 1129 persuasum
367 1048 399 1107 et
429 1045 575 1109 adversas
605 1045 785 1126 superiores
809 1050 840 1107 et
870 1048 1047 1127 praesentes

57 1132 209 1194 secundas
233 1151 284 1194 res
308 1129 457 1193 aoeidisse
483 1130 549 1193 eius
574 1150 675 1214 opera.
719 1130 828 1212 Itaque
855 1135 887 1192 et
908 1129 1045 1193 Siciliam
1069 1131 1111 1197 10

55 1217 205 1281 amissam
215 1216 563 1281 etLaeedaemoniorum
574 1217 718 1279 vietorias
729 1217 837 1298 eulpae
848 1237 921 1280 suae
932 1216 1045 1280 tribue-

59 1304 143 1379 bant,
158 1302 240 1384 quod
254 1302 348 1364 talem
362 1302 464 1364 virum
484 1321 525 1363 ex
545 1302 671 1364 civitate
690 1303 891 1383 expulissent.
936 1302 1045 1384 Neque

57 1388 94 1450 id
107 1387 175 1450 sine
189 1407 282 1450 eausa
295 1387 438 1450 arbitrari
453 1387 645 1451 videbantur.
682 1387 763 1451 Nam
778 1391 939 1469 postquem
956 1407 1045 1450 exer·

56 1473 136 1536 eitui
160 1492 303 1554 praeesse
328 1477 483 1555 coeperat,
511 1493 609 1554 neque
631 1478 715 1534 terra
735 1492 834 1554 neque
848 1473 927 1535 mari
941 1473 1045 1535 hostes

59 1578 151 1642 pares
165 1579 233 1621 esse
247 1562 418 1643 potuerant.
463 1559 524 1621 Hie
539 1564 574 1620 ut
588 1578 605 1619 e
620 1559 694 1621 navi
708 1578 852 1640 egressus
866 1561 923 1634 est,
940 1577 1044 1638 quam·
1069 1558 1111 1624 15

59 1664 153 1725 quam
174 1645 379 1707 Theramenes
404 1648 437 1708 et
461 1645 674 1726 Thrasybulus
700 1644 816 1706 eisdem
841 1644 933 1706 rebus
959 1662 1045 1726 prae

60 1732 183 1793 fuerant
207 1730 394 1812 simulque
384 1751 417 1792 m
442 1730 604 1795 Piraeeum
629 1733 792 1806 venerant,
820 1734 923 1794 temen
950 1750 1046 1792 unum

61 1836 169 1899 omnes
183 1815 272 1877 illum
286 1817 546 1898 prosequebantur
566 1818 598 1878 et
619 1816 651 1878 id
673 1817 754 1897 quod
774 1836 941 1915 numquam
956 1819 1046 1879 antea

61 1902 124 1964 nisi
114 1894 302 1983 Olympiae
316 1901 484 1964 victoribus
499 1923 557 1964 usu
572 1907 707 1978 uenerat,
731 1903 851 1966 coronis
865 1901 1046 1963 frondeist
1015 1904 1046 1962 et

60 1986 164 2050 eureis
173 1989 274 2086 ’vulgo
289 1989 467 2050 donabatur.
501 1987 562 2050 Ille
575 1949 740 2049 lacrimahs
756 1988 850 2050 talem
863 1987 1045 2049 benevolen·
1068 1984 1111 2050 20

57 2074 138 2135 tiam
153 2073 267 2135 civium
282 2093 406 2135 suorum
421 2073 590 2156 aeeipiebat
596 2121 604 2149 ‚
577 2075 805 2135 treoordatus
826 2071 949 2154 pristini
970 2075 1045 2133 tem-

58 2159 145 2240 poris
159 2159 365 2222 aeerbitatem.
409 2159 578 2241 Postquam
592 2160 624 2220 in
639 2163 708 2220 astu
722 2159 817 2236 venit,
839 2157 978 2219 oontione
992 2157 1045 2218 ad·

60 2246 172 2306 uocata
194 2244 239 2306 sie
260 2246 356 2307 verba
376 2245 463 2321 feeit,
497 2249 533 2308 ut
553 2264 642 2307 nemo
663 2249 728 2307 tarn
749 2246 832 2307 ferus
848 2246 944 2319 esset,
971 2242 1045 2325 quin

51 2330 128 2399 ‹eius
149 2328 233 2390 eesui
252 2329 488 2393 illacrimaretur
516 2331 733 2411 inimicumque
753 2331 792 2391 iis
812 2350 847 2392 se
861 2330 1044 2405 ostenderet,

52 2435 193 2496 quorum
207 2434 299 2496 opera
313 2417 413 2497 petria
427 2416 533 2498 pulsus
548 2417 655 2492 fuerat,
672 2417 798 2497 proinde
814 2435 852 2478 ao
863 2416 889 2476 si
902 2415 981 2478 alius
992 2435 1044 2496 po·
1067 2411 1110 2479 ab

61 2501 163 2585 pulus,
178 2500 301 2562 nonille
311 2501 386 2582 ipse,
402 2503 454 2582 qui
465 2505 530 2563 tum
541 2503 643 2579 flebat,
654 2498 725 2565 euin
736 2501 891 2582 sacrilegii
905 2501 1045 2563 damnas-

56 2590 119 2649 set
163 2585 320 2648 Restituta
346 2607 419 2667 ergo
447 2588 518 2649 hoio
543 2589 615 2649 sunt
630 2588 752 2668 publiee
777 2588 871 2662 bona,
887 2587 1047 2669 eidemque

62 2671 111 2735 illi
125 2670 328 2753 Eumolpidae
353 2674 493 2735 sacerdot
494 2693 527 2733 es
552 2692 660 2734 rursus
681 2692 838 2735 resacrare
854 2676 925 2734 sunt
940 2671 1046 2746 eoacti,

56 2759 116 2839 qui
131 2777 201 2819 eum
218 2759 416 2834 devoverant,
394 2758 568 2858 tpileque
583 2757 653 2833 illa,
678 2757 710 2818 in
725 2777 787 2838 qua
802 2757 925 2819 devotio
948 2757 1048 2819 fuerat

62 2843 210 2924 seripta'
200 2864 233 2904 ιιι
248 2862 333 2905 mare
348 2845 556 2925 praecipitata
1069 2838 1112 2905 30

148 2927 234 2991 Haeo
264 2928 435 2992 Aloibiadis
461 2931 558 2992 laetit'
535 2934 578 2994 tra
603 2949 664 2991 non
695 2914 784 2990 nimis
811 2927 955 2990 diuturne
980 2927 1047 2990 fuit.
1071 2926 1123 2990 IX

60 3013 145 3077 Nam
166 3034 235 3078 oum
256 3016 285 3076 ei
309 3035 412 3077 omnes
435 3016 565 3080 honores
585 3017 688 3077 essent
709 3014 824 3076 decreti
799 3016 969 3095 trtotaqne
984 3034 1048 3075 res

57 3099 188 3248 ppblioa
202 3099 285 3162 domi
300 3101 433 3183 bellique
448 3102 569 3177 tradita,
586 3105 620 3163 ιιι
633 3100 724 3163 unius
739 3100 845 3162 arbit
807 3104 865 3162 trro
878 3107 1047 3182 gereretur,

57 3186 175 3269 etipse
190 3187 435 3267 posbrlassetut
400 3188 509 3250 ιιιιιιιο
525 3188 584 3250 sibi
598 3187 737 3267 collegae
751 3188 897 3248 darentur
904 3185 1048 3264 ,Aristo

59 3275 211 3336 oreteset
197 3271 424 3348 tAdimantus‚
451 3293 560 3354 neque
564 3273 596 3335 id
611 3276 705 3373 negat
706 3292 758 3334 um
773 3276 869 3348 esset,
897 3272 1025 3335 olasse
1015 3291 1053 3330 ιιι
1070 3265 1112 3332 35

61 3356 171 3428 Asiam
185 3359 303 3440 profect
303 3378 348 3434 us,
365 3358 445 3439 quod
459 3360 542 3439 apud
553 3359 626 3421 N
584 3379 601 3422 ο
604 3362 679 3421 trum
694 3358 934 3440 promontorium
945 3356 1050 3425 minus
1130 3378 1134 3387 ·

59 3462 100 3505 ex
120 3443 274 3506 sententia
293 3464 361 3505 rem
375 3445 562 3523 gesserat,
552 3465 584 3505 ιιι
598 3444 747 3506 invidiam
761 3444 879 3506 reoidit.
858 3441 1050 3507 tEtenim

58 3530 267 3601 oumibinon
283 3530 390 3611 proonl
401 3530 439 3592 ab
450 3529 573 3612 Epheso
586 3531 715 3597 classem
726 3531 862 3606 haberet,
876 3526 1063 3596 Phocaeam„
