2504 4080
165 241 208 305 62
500 241 541 303 Χ.
566 239 809 305 AGIlSILAUS.

165 431 224 492 que
239 411 406 474 sinemuro
421 413 576 494 oppidum,
589 414 684 475 talem
699 415 914 494 imperatorem
935 432 970 474 se
984 413 1149 494 praestitit,

165 500 199 557 ut
219 516 254 558 ao
277 499 413 577 tempore
429 499 568 560 omnibns
582 504 758 580 appareret,
780 500 841 562 nisi
854 499 909 560 ille
923 498 1043 576 fnisset,
1058 497 1149 580 Spar

165 588 227 642 tam
242 583 375 644 futuram
390 603 451 644 non
464 585 568 645 fuisse.
606 587 645 646 In
659 604 719 665 qno
735 586 911 648 discrimine
925 585 1150 649 eeleritaseins

165 668 285 729 consilii
305 670 397 730 saluti
417 670 476 730 luit
496 671 659 732 universis.
704 671 784 733 Nam
805 690 874 731 curn
896 670 1021 751 quidam
1046 671 1147 732 adole·

119 749 141 813 b
164 755 294 815 scentnli
314 755 447 817 hostium
468 757 603 818 adventu
623 757 780 839 perterriti
804 757 844 819 ad
863 756 1025 818 Thebanos
1051 759 1149 818 trans-

163 839 271 919 fngere
290 842 406 902 vellent
427 844 459 902 et
482 843 582 914 locum
605 846 696 904 extra
714 844 821 904 urbem
844 842 960 904 editum
983 842 1146 922 cepissent,

164 923 342 1004 Agesilaus,
365 925 417 1006 qui
439 928 729 1007 perniciosissimum
743 929 808 990 fore
823 928 952 1002 rideret,
968 927 996 987 si
1011 927 1148 989 animad-

164 1030 288 1073 versum
310 1020 391 1073 esset
414 1032 598 1092 quemquam
623 1015 662 1075 ad
686 1016 788 1076 hostes
814 1013 1009 1091 transfugere
1034 1013 1147 1089 conam,

166 1115 234 1156 cum
257 1117 346 1159 servo
366 1116 426 1158 uno
448 1098 574 1159 inermis
598 1101 637 1161 ad
658 1120 710 1161 eos
732 1099 819 1160 venit
845 1099 943 1177 iisque
964 1099 1148 1161 acclamarit

102 1178 144 1242 10
165 1182 235 1242 illos
250 1182 412 1261 imperium
426 1201 515 1243 sunm
529 1203 589 1245 non
604 1187 678 1246 satis
688 1185 893 1258 intellexisse;
909 1185 942 1244 in
956 1184 1033 1247 duas
1043 1190 1148 1267 partes

166 1267 358 1327 discederent
386 1267 590 1348 bipartitoque
622 1271 682 1331 alia
712 1271 997 1352 loeaoecuparent.
1044 1271 1149 1350 Atque

165 1371 234 1411 cum
246 1352 383 1415 homines
398 1355 571 1435 paruissent
585 1375 680 1436 eoque
693 1354 848 1434 libentius,
863 1357 943 1436 quod
958 1356 1057 1417 latere
1069 1357 1148 1417 arbi-

165 1439 332 1515 trabantur,
355 1459 432 1521 quac
455 1441 681 1520 cogitaverant,
705 1442 793 1504 illum
808 1443 917 1504 collem
932 1460 988 1523 per
1003 1442 1082 1504 alios
1096 1443 1146 1503 eb-

165 1524 257 1586 tineri
271 1527 374 1601 iussit3
399 1527 450 1606 qui
469 1546 544 1589 vero
559 1529 713 1608 principes
727 1528 845 1590 consilii
860 1529 996 1603 fuerant,
1021 1547 1149 1589 numero

101 1605 143 1669 15
166 1611 351 1691 quindecim,
381 1615 472 1672 noctu
495 1615 727 1693 comprehensos
754 1613 903 1695 supplicio
932 1613 1041 1676 affecit.
1087 1612 1149 1675 Sed

166 1697 227 1757 alia
242 1698 408 1758 coniuratio
423 1699 518 1758 multo
533 1700 629 1760 maior
644 1703 675 1760 et
685 1700 810 1781 gravior
820 1699 976 1761 hominum
988 1719 1040 1760 res
1051 1717 1148 1762 novas

165 1782 353 1842 molientium
376 1783 481 1845 eodem
501 1789 636 1864 tempore
657 1806 712 1865 per
737 1785 884 1846 indicium
910 1786 1069 1847 enuntiata
1091 1789 1147 1846 est

164 1868 209 1929 De
230 1868 340 1948 quibus
367 1889 466 1949 neque
491 1871 638 1932 iudicium
664 1871 795 1954 haberi,
811 1890 910 1950 neque
935 1890 1000 1932 rem
1028 1871 1148 1950 negligi

165 1958 285 2037 tempus
312 1976 454 2037 praesens
480 1958 661 2038 patiebatur.
705 1956 872 2036 Agesilaus
897 1957 993 2037 igitur
1019 1957 1148 2018 oonsilio

100 2032 143 2100 20
166 2059 235 2103 cum
250 2042 371 2125 ephoris
387 2044 606 2106 communicato
622 2065 673 2106 eos
688 2062 792 2105 omnes
813 2043 929 2103 indicta
948 2061 1042 2104 causa
1054 2043 1149 2104 inter·

165 2129 251 2207 feeit,
273 2131 353 2211 quod
373 2133 464 2192 antea
478 2129 605 2212 Spartae
620 2148 784 2209 numquam
798 2129 911 2190 factum
927 2131 1001 2190 erat.
1047 2127 1149 2191 Paulo

166 2219 234 2296 post
248 2216 385 2277 Thebani
400 2236 417 2276 e
432 2217 543 2278 finibus
558 2216 709 2279 Laconiae
723 2217 928 2276 excesserunt.

110 2379 144 2442 X
252 2382 325 2447 Sine
345 2386 437 2447 dubio
457 2392 527 2468 post
546 2387 736 2450 Leuctricam
755 2404 891 2467 pugnam
912 2382 1149 2446 Lacedaemonii

167 2490 199 2532 se
213 2490 378 2551 numquam
390 2474 562 2535 refecerunt
573 2494 669 2553 neque
678 2473 839 2555 pristinum
850 2471 1012 2551 imperium
1022 2489 1151 2553 recepe

101 2548 144 2613 25
166 2560 282 2633 rerunt,
298 2575 367 2618 eum
379 2559 500 2621 interim
511 2559 675 2639 Agesilaus
696 2579 756 2620 non
767 2557 892 2632 destitit,
908 2557 1152 2637 quibuscumque

74 2694 77 2699 .
166 2645 257 2706 rebus
279 2650 384 2726 posset
404 2647 534 2727 patriam
555 2647 669 2708 iuvare.
714 2643 774 2706 Sed
794 2646 895 2704 aetate
915 2643 976 2703 iam
992 2642 1152 2703 confectus

165 2731 336 2809 videbatur,
351 2733 456 2794 utrix
470 2733 589 2794 labores
604 2732 730 2793 militiae
745 2729 891 2791 sufferret.
923 2727 1028 2789 Nihilo
1043 2729 1150 2788 tamen

165 2818 264 2878 secius
281 2839 349 2880 cum
360 2817 589 2901 Epaminondas
605 2821 745 2898 quartum
761 2817 793 2876 in
808 2815 884 2877 fines
897 2817 1000 2875 terrae
1011 2814 1149 2874 incurre-

164 2908 220 2976 ret,
237 2906 405 2966 exercitum
421 2905 608 2966 Mantineam
623 2923 731 2965 versus
747 2902 844 2978 duxit,
861 2900 946 2961 cuius
961 2899 1046 2960 urbis
1062 2898 1151 2961 eires

100 2975 143 3040 30
165 3004 183 3048 a
198 2986 446 3051 Lacedaemoniis
461 2991 611 3051 auxilium
626 2989 806 3068 petiverant.
837 2985 1063 3067 Epaminondas
1078 3004 1151 3046 eum

165 3072 196 3132 id
221 3074 429 3150 cognovisset,
456 3077 559 3136 statim
586 3080 685 3135 castm
709 3074 819 3149 movit,
853 3077 888 3134 ut
912 3070 1052 3152 Spartam
1078 3090 1152 3152 pro-

165 3159 386 3238 pugnatoribus
409 3159 594 3222 denudatam
618 3159 657 3218 de
677 3159 843 3238 improviso
864 3162 994 3239 caperet.
1040 3157 1078 3218 Id
1091 3157 1149 3218 ubi

165 3242 312 3323 Agesilao
333 3245 506 3305 nuntiatum
528 3249 587 3320 est,
612 3245 741 3304 celerius
763 3264 854 3324 quam
876 3248 962 3306 aetas
982 3242 1047 3323 pati
1061 3242 1149 3305 vide·

166 3331 270 3405 batur,
294 3329 368 3391 illue
383 3331 536 3392 convertit
549 3335 580 3391 et
594 3330 796 3392 audacissimo
811 3331 927 3410 impetn
942 3330 1024 3391 facto
1039 3328 1149 3390 urbem

101 3406 145 3473 35
166 3421 320 3498 tamquam
349 3436 368 3478 e
395 3417 534 3478 manibus
563 3416 791 3498 Epaminondae
820 3416 948 3497 eripuit,
978 3434 1037 3495 quc
1065 3415 1149 3477 facto

168 3501 304 3565 Thebani
318 3502 433 3586 repulsi
455 3522 561 3565 rursus
583 3504 622 3564 ad
637 3502 824 3564 Mantineam
843 3503 1048 3577 recesserunt,
1071 3519 1149 3581 qnos

169 3589 273 3651 statim
298 3589 455 3653 insecutus
476 3588 641 3670 Agesilaus
667 3607 833 3669 aggressus
855 3593 910 3650 est.
962 3586 1008 3649 Eo
1029 3587 1153 3669 proelio
