2504 4080
365 218 476 281 XXII.
501 218 730 281 HANNIBAL.
769 314 789 336 *
978 221 1041 286 119

143 389 273 451 Omnino
293 390 423 451 Romani
443 390 476 450 in
499 389 556 451 hoo
576 410 693 451 summo
714 390 888 452 discrimine
909 393 1037 454 fortissi-
1060 395 1108 460 VI

48 496 122 541 :mos
144 496 177 536 se
198 481 230 536 et
250 477 471 556 imperterritos
492 477 720 556 praestiteruut;
747 495 820 537 nam
841 498 881 537 ex
901 480 1039 558 reliquiis

50 563 211 626 exercitus
233 563 339 623 decem
361 562 447 622 milia
469 561 624 623 hominurn
640 562 838 641 collegerunt,
862 565 1042 627 dictatorem

49 650 144 710 novis
169 648 263 727 copiis
290 647 515 708 conseribendis
540 647 699 721 dixerunt,
730 653 821 727 atque
853 650 946 710 etiam
973 655 1040 712 octo

53 734 140 796 milia
155 752 314 794 servorum
330 741 500 807 armarunt,
524 752 592 793 cum
609 733 726 793 interea
741 734 897 794 Hannibal
911 736 1041 798 victoria
1064 736 1085 800 5

54 839 130 880 usus
145 839 205 880 non
220 824 281 892 est,
305 819 356 898 qui
379 820 558 880 adhortante
573 819 766 894 Maharbale,
791 821 939 899 magistro
960 824 1042 901 equi-

52 909 130 979 tum,
146 907 180 965 ut
195 905 234 964 ad
245 904 374 965 Romam
385 904 637 986 proficisceretur,
653 907 859 984 responderet,
877 907 916 976 ad
930 906 960 966 id
974 927 1043 968 con-

54 991 159 1053 silium
173 991 422 1070 perpendendum
438 1010 514 1070 opus
529 1010 596 1051 esse
613 997 758 1071 tempore.
803 990 844 1051 Et
859 1011 1042 1071 quamquam

54 1078 160 1138 statim
186 1081 256 1156 post
275 1095 409 1156 pugnam
430 1077 542 1136 factam
563 1076 652 1136 multi
675 1077 748 1138 socii
771 1076 977 1139 Romanorum
1004 1079 1043 1139 ad

53 1164 136 1227 hunc
161 1162 351 1236 defecerunt,
376 1169 477 1222 tamen
500 1182 664 1241 numquam
686 1165 770 1243 pacis
794 1165 906 1225 mentio
929 1163 1045 1226 Romae
1065 1162 1107 1227 10

54 1249 137 1310 facta
152 1252 207 1308 est.
252 1246 327 1307 Post
347 1267 482 1327 pugnam
499 1245 690 1309 Cannensem
705 1249 860 1310 Hannibal
882 1270 937 1329 per
958 1249 1044 1312 Saur-

53 1335 135 1396 uites
165 1333 197 1392 in
227 1329 425 1411 Campaniam
454 1354 487 1394 se
517 1335 682 1407 convertit,
713 1336 799 1395 cuius
829 1342 919 1415 caput
941 1334 1045 1416 Capua

55 1419 192 1481 maxime
217 1418 351 1499 impulsu
376 1419 568 1498 popularium
590 1419 727 1479 Poenum
753 1420 885 1498 benigne
912 1423 1041 1502 excepit.

57 1506 108 1566 Ibi
128 1509 246 1584 partem
268 1505 413 1565 maiorem
435 1505 544 1564 hiemis
570 1504 739 1565 exercitum
765 1505 797 1565 in
823 1506 911 1566 tectis
938 1507 1044 1567 habuit

55 1609 168 1669 magno
189 1609 257 1649 cum
278 1591 459 1651 detrimento
481 1593 513 1650 et
533 1590 602 1650 labe
623 1590 702 1663 eius;
725 1609 795 1650 nam
816 1591 943 1665 milites,
969 1611 1043 1670 quos
1068 1591 1109 1656 15

54 1677 144 1737 nulla
155 1676 227 1736 mali
237 1676 285 1735 vis
300 1676 426 1750 vicerat,
443 1676 556 1755 perditi
566 1682 636 1736 sunt
647 1676 749 1736 nimiis
761 1675 848 1737 bonis
859 1695 894 1738 ac
904 1677 1045 1758 volupta-

54 1762 140 1823 tibus
164 1761 333 1822 immodicis
360 1781 454 1840 eoque
480 1761 592 1839 magis,
627 1781 685 1840 quo
711 1761 833 1822 avidius
864 1783 897 1823 se
928 1763 959 1823 in
993 1782 1045 1823 eas

55 1848 278 1908 immerserant.
313 1846 422 1925 Itaque
437 1847 535 1908 maius
550 1847 582 1906 id
596 1851 754 1926 peccatum
767 1847 949 1909 Hannibalis
964 1849 1045 1928 apud

55 1933 172 2015 peritos
197 1933 308 1993 artium
333 1932 512 1993 militarium
537 1933 680 2009 habetur,
709 1953 798 2012 quam
821 1934 901 2013 quod
922 1953 983 1994 non
1005 1954 1045 1993 ex

57 2016 212 2079 Cannensi
226 2037 331 2099 pugna
354 2019 491 2099 protinus
514 2019 553 2078 ad
567 2020 674 2079 urbem
689 2018 820 2079 Romam
843 2019 946 2093 duxit3
974 2039 1045 2080 nam
1067 2019 1110 2083 20

55 2105 108 2167 hic
125 2124 209 2164 error
223 2105 305 2165 vires
320 2104 433 2165 ademit
447 2104 486 2165 ad
497 2104 682 2164 vincendum
694 2111 724 2164 et
736 2125 805 2165 cum
820 2101 924 2184 Capua
935 2105 1044 2180 exiret,

56 2190 135 2252 nihil
150 2208 279 2269 usquam
294 2191 440 2269 pristinae
455 2189 634 2269 disciplinae
649 2191 755 2250 tenuit.

145 2273 234 2336 Anno
255 2275 426 2355 insequenti
448 2274 578 2336 Romani
598 2275 640 2334 M.
665 2272 827 2336 claudium
852 2275 1043 2353 Marcellum,
1066 2275 1131 2340 VII

55 2361 111 2441 qui
125 2364 194 2442 post
209 2380 345 2440 pugnam
358 2358 548 2421 Cannensem
564 2361 678 2441 optime
693 2382 757 2422 rem
768 2367 910 2440 gesserat
919 2361 1044 2423 Nolam-

57 2466 118 2527 que
147 2447 185 2507 ab
211 2446 383 2523 Hannibale
411 2446 577 2507 fortissime
608 2447 802 2524 defenderat,
832 2448 1044 2528 proconsulem
1066 2445 1109 2511 25

56 2533 197 2595 fecerunt
218 2533 305 2611 eique
327 2551 383 2593 sex
404 2532 539 2612 legiones
560 2533 718 2593 dederunt.
763 2532 852 2594 Anno
873 2537 942 2613 post
963 2534 1045 2593 idem

58 2618 165 2679 consul
190 2618 290 2693 factus
310 2616 429 2679 Poenos
451 2618 540 2697 gravi
564 2618 651 2679 clade
677 2617 788 2693 affecit,
816 2638 876 2697 qua
896 2639 930 2679 re
951 2618 1045 2679 animi

57 2703 266 2766 Romanorum
287 2703 458 2764 confirmati
478 2707 509 2763 et
530 2705 624 2764 erecti
645 2708 722 2764 sunt.
768 2704 857 2764 Idem
876 2701 1045 2784 Syracusas

54 2789 92 2852 in
117 2787 235 2864 Sicilia,
264 2808 342 2869 quae
368 2808 386 2850 a
410 2788 558 2849 Romanis
584 2789 772 2862 defecerant,
798 2790 922 2868 recepit.
968 2786 1046 2850 Cum

53 2875 170 2936 deinde
180 2874 311 2936 Romani
324 2871 460 2955 Capuam
475 2873 658 2948 obsiderent,
675 2874 830 2935 Hannibal
845 2875 911 2954 ipse
926 2894 962 2935 eo
977 2894 1045 2955 pro·
1068 2872 1112 2938 30

54 2961 157 3023 fectus
172 2964 229 3037 est,
243 2964 279 3021 ut
293 2961 400 3021 urbem
412 2960 568 3022 obsidione
579 2960 736 3033 liberaret;
753 2959 842 3020 atilli
853 2961 884 3020 in
896 2961 1047 3041 proelium

56 3065 120 3108 non
146 3046 382 3121 descenderunt,
409 3047 464 3107 sed
491 3046 600 3106 castris
625 3065 659 3106 se
685 3049 857 3108 tenuerunt.
908 3045 1046 3117 Quorum

59 3132 163 3212 copias
184 3136 220 3193 ut
240 3129 380 3213 aCapua
400 3135 568 3206 averteret,
591 3131 657 3213 ipse
671 3131 802 3194 Romam
822 3151 931 3193 versus
947 3136 1047 3194 castra

54 3218 158 3280 morit
172 3220 203 3279 et
217 3218 278 3279 tria
292 3217 377 3278 milia
391 3236 536 3297 passuum
551 3219 583 3279 in
598 3218 776 3300 propinquis
790 3218 876 3279 urbis
893 3219 1046 3280 montibus

57 3305 197 3365 moratus
225 3307 273 3364 est
297 3322 356 3364 nec
380 3307 483 3365 tamen
508 3323 614 3379 ausus,
645 3305 752 3364 urbem
780 3304 880 3384 ipsam
906 3303 1045 3382 aggredi.
1068 3298 1114 3364 35

59 3386 199 3469 Cumque
233 3389 349 3468 aliquot
377 3389 443 3450 dies
469 3388 512 3450 ibi
542 3394 643 3451 castra
667 3389 826 3451 habuisset
856 3389 1047 3468 Romanique

54 3475 200 3537 omnibus
225 3474 344 3535 viribus
369 3475 554 3549 niterentur,
585 3480 620 3536 ut
643 3476 752 3536 urbem
777 3473 989 3547 defenderent,
1014 3473 1047 3534 in

55 3556 259 3642 Campaniam
276 3563 308 3621 et
321 3560 392 3622 inde
414 3560 447 3621 in
461 3559 598 3622 Bruttios
620 3561 760 3636 recessit,
783 3579 841 3640 quo
862 3559 942 3621 facto
959 3555 1048 3621 Cam-
