2504 4080
96 224 102 232 '
216 215 259 281 24
552 216 613 277 ΙΠ.
638 212 867 277 ARISTIDES.

215 385 1207 468 hostibus,nequeutmaioresIaudaremus,sednos

215 477 322 557 ipsos
348 475 472 537 fortes
497 472 606 535 viros
632 473 916 554 praeberemus.
961 471 1085 542 Quibus
1112 472 1205 535 dictis

213 561 349 624 omnium
371 578 521 621 consensu
546 558 705 619 sinistrum
729 577 823 619 cornu
834 556 1073 619 Atheniensibus
1097 558 1203 621 datum

213 655 270 722 est,
285 667 356 710 cum
366 644 599 709 Lacedaemonii
612 649 718 706 vetere
733 643 871 707 instituto
895 644 1038 705 dexuum
1049 647 1202 707 tenerent.

173 731 195 796 5
216 733 264 795 IV
301 731 379 795 Cum
393 729 505 795 Graeci
525 731 581 792 suh
601 730 755 792 radicibus
771 727 961 792 Cithaeronis
976 730 1090 790 montis
1105 730 1202 793 aciem

213 819 433 882 instruxissent
446 836 544 899 neque
556 816 588 877 in
599 817 757 898 planitiem
768 816 997 892 descenderent,
1011 815 1203 891 Mardonius,

215 925 352 969 summus
377 905 442 965 dux
462 903 640 978 Persarum,
663 907 762 965 totum
783 901 950 981 equitatum
972 900 1022 962 cui
1040 900 1202 964 Masistins

213 994 354 1074 praeerat
378 993 484 1051 contra
508 1007 560 1049 eos
585 989 677 1050 misit
733 987 776 1049 Hi
803 984 938 1050 Graecos
963 986 1063 1049 adorti
1088 1004 1202 1069 magna
1244 994 1246 1073 j

215 1079 303 1139 clade
323 1075 488 1140 affecerunt
506 1078 538 1134 et
560 1073 685 1154 insuper
706 1073 845 1136 convicia
868 1073 900 1134 in
921 1092 974 1134 eos
994 1073 1200 1153 ingesserunt.
1244 1086 1246 1153 j

151 1161 194 1227 10
214 1162 414 1242 Megarenses
432 1161 510 1222 forte
530 1178 600 1219 eum
619 1160 721 1222 locum
740 1159 896 1235 tenebant,
917 1158 970 1239 qui
989 1158 1127 1219 maxime
1146 1159 1201 1219 im·
1244 1218 1246 1227 ,

215 1247 301 1329 petui
322 1247 458 1328 equitum
479 1245 630 1307 obnoxius
650 1249 740 1307 esset.
784 1245 813 1307 Ii
835 1263 905 1306 cum
925 1263 1092 1326 parumper.
1113 1242 1201 1306 resti·

215 1334 341 1408 tissent,
362 1350 544 1413 praeconem
566 1331 606 1392 ad
627 1333 720 1393 duces
741 1331 891 1393 miserunt
905 1334 1055 1410 negantes
1070 1349 1105 1391 se
1120 1330 1202 1393 solos
1244 1344 1246 1349 '

215 1420 362 1500 impetum
382 1418 547 1480 Persarum
569 1418 719 1479 sustinere
738 1419 888 1498 possset,
909 1416 969 1478 nisi
983 1415 1037 1479 aiii
1051 1415 1084 1477 in
1098 1416 1199 1477 locum

215 1526 305 1567 suum
328 1505 540 1582 succederent,
563 1522 605 1565 ex
626 1504 691 1566 acie
713 1522 902 1565 excessuros.
946 1501 1072 1572 Quare
1095 1501 1200 1565 audita

152 1588 194 1652 lb
214 1591 383 1655 Pausanias
403 1589 539 1655 Graecos
561 1590 737 1674 temptavit,
760 1609 834 1651 num
855 1588 908 1668 qui
928 1589 1006 1650 forte
1020 1606 1077 1649 sua
1090 1589 1201 1668 sponte
1221 1662 1224 1666 Ι

216 1678 249 1738 id
263 1696 374 1739 munus
388 1677 520 1738 subituri
534 1683 644 1738 essent
685 1673 803 1738 Ceteris
817 1674 1029 1737 recusantibus
1045 1672 1201 1735 Aristides

214 1762 338 1825 nomine
349 1760 582 1825 Atheniensium
593 1761 625 1821 id
640 1761 774 1843 suscepit
789 1763 821 1823 et
834 1760 1034 1823 fortissimum
1049 1758 1201 1821 centurio·

216 1868 290 1910 num
314 1868 383 1910 oum
404 1848 549 1910 trecentis
568 1847 675 1908 electis
694 1847 791 1922 misit,
817 1848 869 1927 qui
882 1844 1056 1909 Masistium
1077 1844 1201 1908 interie-

217 1937 324 1997 cemnt
338 1936 370 1996 et
384 1935 502 2015 equites
516 1933 688 1995 reiecerunt
702 1936 734 1995 et
747 1934 895 2008 fecerunt,
910 1934 945 1992 ut
959 1931 1095 1994 omnium
1105 1930 1201 1995 animi

152 2016 194 2082 20
216 2022 428 2085 recrearentur
441 2023 473 2083 et
487 2019 744 2081 confirmarentur.
767 2018 894 2098 Aliquot
908 2016 1015 2079 diebus
1030 2016 1202 2081 interiectis

215 2104 407 2185 Alemander,
429 2106 631 2169 Macedonum
651 2125 721 2182 rex,
750 2105 803 2185 qui
825 2105 857 2165 in
877 2103 1015 2166 exercitu
1034 2101 1200 2165 Pomorum

216 2197 292 2270 erat,
306 2197 399 2255 noctu
419 2193 458 2255 ad
481 2195 580 2256 castra
595 2189 781 2255 Graecorum
804 2189 994 2270 adequitavit
1013 2192 1203 2268 evocatoque

216 2277 347 2340 Aristidi
362 2278 596 2353 demonstravit,
620 2277 768 2359 postridie
785 2278 922 2339 futurum
936 2294 1013 2350 esse,
1035 2276 1071 2334 ut
1085 2273 1203 2337 Persae

217 2360 352 2426 Graecos
363 2364 564 2440 adorirentur,
576 2364 658 2444 quod
669 2363 822 2425 Aristides
833 2363 873 2424 ad
883 2361 1067 2425 Pausaniam
1079 2358 1202 2421 detulit

151 2446 194 2512 25
216 2448 280 2520 Qui
294 2469 364 2511 cum
378 2451 416 2513 ab
431 2449 568 2511 Aristide
582 2451 710 2530 peteret,
731 2453 766 2511 ut
780 2448 985 2511 Athenienses
998 2448 1116 2507 mutato
1131 2445 1202 2507 loco

215 2536 248 2596 in
272 2535 414 2598 dextrum
440 2555 535 2598 cornu
563 2536 741 2613 transirent,
768 2535 818 2596 cui
842 2533 956 2596 Persae
981 2532 1041 2612 ipsi
1066 2530 1202 2613 oppositi

216 2625 313 2698 erant,
330 2622 424 2685 ceteri
439 2621 672 2686 Atheniensium
687 2623 781 2683 duces
795 2621 826 2682 id
842 2640 935 2700 aegre
949 2618 1095 2693 tulerunt,
1118 2616 1201 2697 quod

216 2707 275 2770 sibi
290 2708 507 2772 molestissima
516 2727 653 2789 quaeque
664 2709 904 2787 iniungerentur.
928 2703 1083 2766 Aristides
1095 2706 1200 2765 autem

217 2794 262 2855 eis
286 2794 453 2875 persuasit,
476 2796 747 2876 obtemperandum
768 2813 836 2855 esse
850 2791 1002 2855 voluntati
1016 2788 1202 2863 Pausanias,

152 2874 195 2939 30
217 2880 269 2959 qui
283 2880 521 2943 Atheniensibus
537 2881 646 2944 dextro
662 2900 756 2943 cornu
776 2879 889 2941 tradito
911 2882 1066 2957 tamquam
1086 2873 1203 2955 prinoi-

215 2970 321 3045 patum
330 2967 521 3043 concederet;
533 2972 693 3048 praeterea
701 2986 736 3027 se
744 2966 777 3027 in
785 2965 839 3026 illo
849 2983 942 3027 cornu
949 2962 1130 3025 constitutos
1138 2979 1202 3021 non

217 3069 287 3111 oum
297 3052 503 3134 popularibus,
515 3053 569 3117 sed
581 3074 650 3116 cum
661 3052 800 3115 barbaris
811 3054 842 3110 et
853 3049 900 3123 iis,
913 3049 965 3129 qui
975 3056 1085 3110 natura
1094 3047 1204 3109 hostes

216 3142 327 3214 essent,
343 3144 540 3221 pugnaturos.
585 3138 645 3200 Sed
668 3136 789 3201 barbari
812 3154 881 3197 cum
900 3133 1203 3209 animadvertissent,

216 3218 352 3287 Graecos
360 3225 497 3287 ordinem
505 3222 797 3303 acieimutasse,ipsi
806 3241 924 3301 quoque
932 3218 1202 3282 suumexeroiturn

152 3304 195 3369 35
217 3308 307 3371 aliter
320 3310 546 3386 instruxerunt,
562 3311 607 3372 ita
621 3314 655 3371 ut
668 3309 691 3369 ii
703 3306 812 3372 Graeci
819 3354 827 3384 ‚
843 3308 895 3387 qui
909 3326 978 3369 cum
989 3306 1094 3368 Persis
1107 3304 1202 3367 facie-

214 3395 297 3471 bant,
320 3394 559 3458 Atheniensibus
573 3397 805 3476 opponerentur.
849 3394 918 3464 Quo
933 3395 1014 3455 facto
1029 3390 1204 3453 Pausanias

215 3500 285 3543 cum
310 3480 558 3544 Lacedaemoniis
589 3500 695 3541 rursus
720 3481 863 3543 dextrum
890 3499 984 3542 cornu
1012 3477 1144 3540 obtinuit
1168 3480 1205 3539 et

214 3565 393 3631 Mardonius
407 3585 477 3628 cum
492 3565 605 3644 Persis,
622 3571 657 3629 ut
670 3568 709 3629 ab
724 3567 820 3644 initio,
837 3585 910 3629 suae
924 3565 1001 3628 aciei
1016 3563 1186 3625 sinistrum.

29 3706 348 4024 [s
