2504 4080
232 262 274 328 52
512 266 599 327 VHI.
624 263 932 329 THRASYBULUS.
963 328 966 333 ,
1059 291 1062 296 ’

232 435 378 511 Nolite,
403 455 562 512 orovos,
578 436 685 516 inquit,
702 436 843 497 idmihi
859 438 962 511 dare,
986 439 1218 518 quodmnlti

232 521 445 597 invideant,
467 523 600 602 plures
619 522 733 583 etiam
756 524 1048 604 concupiscant.
1088 522 1217 595 Quare

233 625 277 668 ex
303 608 392 669 istis
417 609 506 670 uolo
535 608 718 688 amplius,
746 628 852 688 quam
879 612 1034 669 centum
1061 610 1216 689 iugera,

233 697 382 772 quaest
407 713 527 755 rneam
554 693 676 755 animi
701 695 941 773 aequitatem
967 698 1005 755 et
1039 702 1217 759 vestram

189 775 211 838 5
232 779 476 841 voluntatem
496 779 680 839 indicent.
725 778 805 840 Nam
828 798 925 860 parva
947 800 1076 842 munera
1090 783 1217 857 diutina,

232 865 395 944 magnifica
419 885 480 927 non
504 865 627 945 propria
656 883 724 924 esse
750 870 980 927 consueverunt.
1037 868 1099 929 Illa
1123 869 1217 947 igitur

234 969 345 1014 corona
365 953 523 1012 contentus
545 951 755 1031 Thrasybulus
776 971 873 1031 neque
897 953 1026 1031 amplius
1048 955 1216 1034 requisivit,

230 1056 330 1116 neque
360 1055 541 1116 quemquam
571 1056 605 1097 se
635 1038 749 1097 honore
779 1037 980 1099 antecessisse
1015 1040 1216 1101 existimarit

231 1121 349 1183 Eodem
369 1123 484 1182 honore
505 1121 604 1183 affecti
624 1125 695 1182 sunt
717 1122 753 1198 ii,
779 1123 831 1202 qui
853 1143 912 1184 una
926 1123 959 1184 in
974 1125 1100 1186 castello
1116 1124 1216 1206 Phyle

169 1202 211 1266 10
233 1195 348 1267 obses‘si
374 1207 507 1281 fuerant3
539 1212 698 1288 praeterea
724 1209 840 1268 cunctis
869 1209 956 1269 mille
986 1210 1152 1272 drachmae
1180 1211 1216 1273 ad

233 1293 381 1353 sacrificia
396 1293 535 1354 facienda
550 1298 581 1354 et
595 1296 668 1355 rota
683 1294 829 1355 solvenda
844 1295 932 1355 datae
947 1299 1026 1355 sunt.

167 1375 214 1437 VI
321 1379 433 1440 Postea
459 1399 577 1460 quoque
603 1398 726 1459 operam
753 1398 839 1439 suam
868 1380 1055 1461 reipublicae
1080 1383 1219 1457 navavit,

232 1483 330 1545 neque
344 1468 446 1526 tamen
461 1467 529 1546 pari
550 1466 650 1546 gloria
671 1466 805 1526 eminuit.
850 1465 937 1527 Bello
958 1467 1097 1529 interfuit
1114 1465 1218 1531 Corin-

232 1552 296 1612 thio
322 1553 387 1612 dux
409 1553 562 1613 exercitus
584 1550 831 1625 Atheniensium,
855 1553 907 1631 qui
927 1551 1082 1613 Thebanis
1103 1555 1218 1616 auxilio

170 1630 211 1694 15
233 1637 345 1696 missus
360 1641 434 1698 erat.
479 1637 547 1698 Iam
563 1657 632 1697 cum
647 1636 850 1698 Athenienses
873 1637 1099 1712 existimarent,
1124 1639 1219 1701 Lacc-

233 1722 408 1783 daemonios
420 1722 452 1782 id
463 1741 564 1801 agere,
579 1726 614 1782 ut
624 1723 708 1782 vires
719 1723 888 1783 maritimas
899 1722 1066 1800 reficerent,
1084 1725 1219 1806 Thrasy·

232 1805 338 1866 bulum
360 1825 429 1867 cum
449 1807 651 1887 quadraginta
671 1808 802 1868 navibus
823 1809 855 1868 in
871 1809 1107 1890 Hellespontum
1128 1811 1218 1872 mise-

232 1895 312 1952 runt.
357 1894 406 1953 Ibi
429 1911 503 1973 pace
522 1894 602 1953 inter
624 1894 699 1954 duos
714 1893 865 1953 Thracum
879 1914 984 1975 reges,
1008 1894 1174 1957 Medocnm
1188 1899 1218 1958 et

233 1977 388 2055 Seuthem,
403 1978 599 2039 reconciliata
613 1981 668 2040 hos
683 1979 797 2041 amicos
819 1983 850 2039 et
871 1980 968 2041 socios
984 1979 1218 2043 Atheniensium

170 2057 212 2122 20
233 2064 368 2125 reddidit
387 2083 513 2145 sperans
528 2084 562 2124 se
577 2084 612 2126 eo
628 2065 748 2124 facilius
763 2065 854 2125 urbes
870 2063 1018 2142 Graecas,
1039 2067 1073 2128 in
1088 2067 1218 2131 Thracia

233 2151 323 2227 sitas,
352 2151 391 2211 ad
420 2151 596 2212 societatem
621 2149 853 2210 Atheniensium
878 2153 1104 2231 perducturum.
1159 2152 1217 2215 His

233 2237 324 2296 rebus
346 2235 518 2296 constitutis
540 2235 722 2317 Byzantium
744 2237 906 2315 navigavit
928 2237 1029 2318 ibique
1054 2238 1219 2318 imperium

233 2321 380 2401 populare
408 2321 558 2403 restituit3
587 2323 668 2383 idem
696 2319 886 2384 Chalcedone
916 2327 948 2384 et
972 2323 1063 2383 Lesbi
1088 2325 1164 2386 fecit
1188 2326 1219 2385 et

233 2406 376 2468 Rhodum
392 2427 500 2467 versus
516 2426 637 2469 cursum
652 2410 783 2483 tenebat,
800 2426 868 2468 cum
885 2409 917 2469 in
932 2408 1040 2470 itinere
1055 2410 1218 2491 pecuniam

169 2484 212 2550 25
233 2512 275 2553 ex
295 2493 421 2553 urbibus
441 2493 581 2572 exigeret
607 2497 638 2554 et
663 2494 811 2555 militibus
840 2495 1044 2555 distribueret.
1100 2493 1219 2576 Aspen·

234 2579 315 2654 dum,
332 2579 372 2641 ad
386 2580 493 2640 urbem
504 2579 703 2660 Pamphiliae,
721 2580 818 2641 classe
834 2581 971 2662 oppulsa,
987 2579 1024 2641 ab
1036 2580 1085 2641 his
1096 2600 1218 2662 quoquc

233 2666 393 2748 pecuniam
418 2665 542 2747 accepit.
599 2665 748 2746 Aspendii
773 2669 875 2728 autem
901 2665 948 2727 ira
972 2667 1104 2741 incensi,
1136 2666 1217 2748 quod

232 2753 347 2814 milites
369 2753 436 2813 eius
457 2772 549 2832 agros
570 2772 640 2814 suos
663 2752 875 2832 diripuissent,
899 2771 967 2812 cum
982 2771 1043 2814 non
1058 2752 1134 2815 satis
1149 2752 1217 2814 dili·

235 2844 344 2917 genter
358 2840 390 2900 in
411 2840 519 2901 castris
539 2839 667 2917 vigiliae
689 2841 873 2916 agerentur,¹
891 2842 983 2898 noctu
1002 2857 1044 2898 ex
1064 2840 1142 2900 urbe
1164 2858 1216 2900 ex·

170 2913 213 2977 30
234 2930 433 2986 cucurrerunt
453 2944 583 3004 eumque
597 2925 629 2983 in
644 2923 838 2984 tabernaculo
853 2923 1078 2985 interfecerunt.
1125 2924 1217 2986 Vide·

233 3012 284 3068 tur
299 3014 401 3070 autem
422 3011 615 3089 splendorem
637 3009 720 3069 vitae
741 3012 810 3069 ante
826 3016 911 3070 actae
926 3016 1064 3071 extremo
1080 3013 1217 3091 tempore

233 3094 361 3154 maculis
376 3095 558 3174 quibusdam
579 3093 779 3173 adspersisse;
801 3114 872 3155 nam
892 3098 923 3156 et
943 3096 1009 3176 ipse
1024 3099 1055 3157 et
1069 3094 1217 3176 Ergooles

235 3178 366 3259 quidam,
384 3179 469 3239 cuius
484 3179 618 3242 consiliis
634 3198 709 3239 usus
724 3183 802 3252 erat,
826 3189 856 3240 et
872 3182 1030 3262 peculatus
1045 3186 1077 3242 et
1092 3182 1216 3263 direpti·

235 3264 301 3326 onis
316 3264 479 3339 sociorum,
502 3265 575 3345 quin
596 3264 689 3324 etiam
708 3264 887 3345 proditionis
910 3268 1025 3328 crimen
1048 3267 1217 3329 subierunt

169 3340 212 3407 35
234 3348 335 3431 Atque
355 3349 504 3430 Ergocles
530 3349 652 3430 quidem
678 3353 783 3430 postca
808 3352 840 3412 in
866 3352 1010 3414 iudicium
1035 3360 1166 3416 vocatus
1187 3354 1218 3416 st

234 3437 341 3519 capitis
356 3437 517 3497 damnatus
531 3440 586 3498 est.

624 3642 828 3656 ——n—-fl
