2504 4080
357 204 399 264 H.
424 201 747 265 THEMISTOCLES.
1000 203 1040 267 13

62 377 267 440 ferocissimos
281 375 389 456 pullos,
405 372 432 435 si
446 382 563 437 mature
583 376 777 436 domarentur
798 381 829 435 et
842 376 1040 454 fingerentur,

65 464 198 546 opt‘unos
210 461 276 523 fieri
291 480 392 540 equos.
437 460 527 530 Quod
541 480 615 523 vero
631 462 725 541 vulgo
736 468 869 537 narrant,
886 482 955 523 eum
971 482 1040 523 cum

65 550 193 612 liberius
207 549 326 609 vireret
339 551 370 607 et
384 566 449 607 rem
463 548 643 608 familiarem
657 548 837 628 negligeret,
853 567 872 609 a
886 552 973 628 patre
987 569 1040 610 ex·

63 636 245 697 heredatum
259 652 334 708 esse,
349 633 381 693 id
395 633 516 694 videtur
530 633 634 695 fictum
649 637 680 694 et
695 634 946 694 commenticium.

155 718 229 782 Cum
241 726 343 781 tamen
357 724 482 799 propter
496 719 591 780 vitam
607 719 780 780 liberiorem
795 718 926 798 aliquam
938 724 1040 781 notam
1061 715 1127 781 115

66 807 209 881 subisset,
231 805 393 879 iudicarit,
409 823 477 865 eam
492 805 558 865 sine
573 824 693 866 summa
706 804 856 865 industria
877 825 936 865 non
951 825 1040 885 posse

63 893 219 972 exstingui
234 899 264 952 et
275 893 373 952 totum
388 910 422 951 se
436 890 552 951 dedidit
565 891 758 971 reipublicae,
775 891 952 970 diligentius
967 892 1040 951 ami-

63 981 108 1040 cis
123 979 281 1056 famaeque
296 978 441 1037 serviens.
471 976 603 1037 Multum
618 979 649 1038 in
664 977 782 1038 iudiciis
797 977 926 1056 privatis
937 996 1040 1038 versa-

60 1067 160 1138 batur,
177 1083 267 1143 saepe
282 1063 313 1122 in
324 1063 494 1123 contionem
505 1063 609 1143 populi
620 1064 768 1144 prodibat,
784 1063 870 1124 nulla
883 1082 933 1123 res
944 1062 1040 1124 maior

60 1153 128 1213 sine
143 1169 179 1211 eo
195 1150 367 1229 gerebatur,
384 1149 533 1223 celeriter,
548 1153 583 1209 ut
597 1151 639 1210 ait
653 1150 856 1231 Thucydides,
873 1168 951 1229 quae
965 1168 1040 1228 opus
1064 1144 1105 1208 10

61 1240 158 1312 erant,
173 1235 353 1315 reperiebat,
368 1234 457 1295 facile
467 1235 572 1295 eedem
582 1235 717 1296 oratione
728 1237 910 1315 explicabat.
934 1232 1042 1314 Neque

62 1324 164 1383 minus
175 1322 206 1380 in
218 1322 308 1381 rebus
319 1321 462 1400 gerendis
474 1328 631 1401 promptus
642 1341 733 1402 quam
744 1321 955 1401 excogitandis
967 1326 1041 1396 erat,

63 1408 144 1488 quod
165 1413 196 1467 et
217 1407 256 1467 de
275 1407 457 1469 instantibus
478 1408 637 1467 verissime
652 1408 806 1468 iudicabat
820 1416 851 1466 et
868 1407 906 1466 de
932 1407 1041 1467 futuris

63 1493 262 1556 callidissime
277 1493 466 1566 coniiciebat;
483 1513 540 1572 quo
555 1493 669 1553 factum
684 1503 738 1565 est,
755 1496 790 1553 ut
803 1493 891 1553 brevi
905 1495 1041 1571 tempore

62 1581 277 1640 illustraretur.
321 1577 368 1639 Ac
382 1579 514 1659 primum
535 1579 656 1657 quidem
677 1579 709 1639 in
725 1579 863 1639 contione
881 1597 973 1639 ausus
995 1581 1042 1637 est
1064 1573 1118 1640 151

65 1666 176 1746 populo
192 1664 391 1744 persuadere,
415 1667 449 1724 ut
464 1666 591 1744 pecunia
605 1665 740 1744 publica,
764 1683 840 1744 quae
855 1683 895 1725 ex
909 1663 1041 1724 metallis

63 1751 254 1812 Laureoticis
287 1751 419 1824 redibat,
460 1750 565 1811 classis
602 1751 641 1810 ad
675 1750 789 1811 bellum
825 1749 1041 1829 Aegineticum

63 1837 231 1917 gerendum
246 1840 418 1915 augeretur,
434 1856 502 1896 cum
517 1856 612 1916 usque
627 1838 666 1898 ad
680 1837 757 1896 illud
773 1841 891 1915 tempus
903 1855 940 1896 ea
951 1854 1039 1915 pecu-

65 1923 119 1982 nia
132 1923 209 1983 inter
227 1922 312 1983 cives
331 1922 492 1982 distributa
511 1923 626 1983 fuisset.
671 1921 761 1991 Quod
780 1922 963 2002 principium
982 1921 1042 1980 fuit

66 2008 175 2068 salutis
186 2004 338 2083 Graeciae,
354 2027 424 2068 nam
439 2027 476 2068 ea
490 2028 523 2067 re
538 2008 738 2088 peritissimos
750 2008 823 2067 belli
837 2007 957 2067 navalis
968 2006 1041 2067 lecit
1061 2002 1105 2067 20

64 2093 275 2168 Athenienses,
292 2099 323 2155 et
337 2095 476 2154 triremes
492 2093 563 2154 illae
578 2097 708 2169 centum,
733 2113 810 2173 quae
824 2093 983 2173 paullatim
1003 2092 1042 2153 ad

64 2180 193 2241 classem
208 2180 339 2259 priorem
355 2180 551 2254 addebantur,
568 2183 655 2240 erant
669 2180 700 2240 in
715 2179 753 2239 iis
767 2180 910 2254 naribus,
932 2178 1041 2258 quibus

63 2265 178 2339 Persae
192 2266 231 2325 ad
246 2263 400 2327 Salamina
413 2265 526 2326 devicti
541 2270 619 2326 sunt.
656 2265 789 2326 Pertulit
802 2266 843 2341 id,
859 2283 1041 2344 quamquam

64 2350 211 2429 multi,·in
225 2351 262 2412 iis
277 2350 444 2425 Aristides,
469 2351 600 2413 oblocuti
616 2360 699 2426 sunt,
722 2352 773 2431 qui
788 2352 933 2433 populum
947 2350 1041 2411 Athe-

63 2437 215 2497 niensium
230 2437 269 2498 ad
283 2437 485 2497 ministerium
499 2438 653 2498 nauticum
668 2437 797 2517 deprimi
808 2437 933 2498 nollent.
961 2437 1041 2498 Nam
1062 2431 1105 2496 25

62 2523 158 2584 ceteri
180 2523 302 2602 quidem
321 2523 516 2584 barbarorum
537 2524 654 2584 cladem
676 2523 715 2584 ad
736 2524 918 2586 Marathona
936 2541 1041 2602 aecep-

61 2615 129 2670 tam
150 2608 241 2670 finem
262 2608 335 2669 belli
355 2628 423 2669 esse
437 2609 703 2684 existimaverunt,
727 2608 947 2671 Themistocles
966 2627 1039 2668 vero

61 2695 184 2755 initium
199 2695 375 2775 graviorum
389 2695 596 2770 certaminum,
613 2695 652 2755 ad
667 2713 745 2773 quae
760 2715 792 2755 se
804 2715 859 2774 pro
870 2697 934 2755 tota
945 2690 1039 2754 Grae-

60 2781 112 2842 cia
126 2781 326 2860 praeparabat
341 2784 372 2840 et
386 2779 542 2841 civitatem
556 2781 728 2855 exercebat,
750 2799 818 2854 cum
834 2780 925 2858 longe
938 2780 1042 2840 futura

63 2866 258 2946 prospiceret.
302 2865 377 2927 Post
391 2867 550 2928 victoriam
565 2866 788 2928 Marathoniam
802 2885 871 2926 cum
885 2865 1041 2927 Miltiades
1062 2861 1106 2928 30

62 2954 97 3012 in
112 2953 246 3012 omnium
265 2971 317 3012 ore
332 2959 425 3026 esset,
447 2971 538 3032 saepe
559 2953 590 3013 in
605 2951 801 3013 meditatione
823 2951 941 3013 defixus
955 2953 1041 3013 vide·

62 3040 153 3099 batur
167 3044 198 3098 et
211 3046 302 3099 noctu
318 3038 493 3099 ambulabat
502 3039 534 3099 in
546 3038 676 3119 publico,
692 3038 772 3117 quod
783 3058 921 3099 somnum
933 3057 1041 3119 capere

61 3144 127 3185 non
147 3127 263 3204 posset,
285 3123 559 3204 quaerentibusque
580 3125 796 3205 respondebat,
817 3125 966 3188 Miltiadis
980 3130 1040 3187 tro·

63 3209 152 3293 pacis
168 3228 200 3270 se
216 3230 233 3270 e
248 3229 353 3271 somno
368 3210 504 3272 excitari.

108 3291 186 3356 Cum
201 3294 325 3356 Xerxes
346 3300 377 3356 et
400 3296 477 3356 mari
493 3299 524 3357 et
538 3299 621 3358 terra
639 3297 754 3357 bellum
770 3297 930 3358 universae
944 3297 989 3356 in·
1003 3289 1104 3356 11135

60 3381 160 3442 ferret
179 3380 321 3462 Europae
348 3400 416 3441 cum
437 3382 530 3442 tentis
559 3383 666 3463 copiis,
695 3386 823 3462 quantas
848 3402 946 3461 neque
970 3387 1041 3442 ante

58 3485 162 3546 neque
182 3471 287 3548 postea
305 3467 412 3528 habuit
430 3468 589 3547 quisquam
610 3466 714 3552 (huius
734 3470 815 3530 enim
836 3468 942 3530 classis
956 3466 1040 3526 mille

58 3557 96 3614 et
115 3554 312 3616 ducentarum
334 3553 460 3614 navium
480 3554 640 3634 longarum
668 3554 740 3632 fuit,
765 3574 855 3634 quam
876 3553 936 3614 tria
955 3552 1041 3614 milia
