2504 4080
404 226 459 289 VI.
483 224 745 291 ALCIBIADES.
1024 226 1068 290 35

86 400 195 483 lingua
215 398 403 479 loquentium
425 397 623 474 ditissimum,
646 401 681 459 ut
703 398 730 459 si
750 398 816 480 ipse
831 398 948 479 fingere
963 399 1068 476 vellet,

63 536 66 541 .
86 504 185 566 neque
199 485 289 568 plura
301 484 382 547 bona
402 484 605 561 mminisci,
627 503 725 563 neque
747 484 863 547 maiora
882 489 987 566 posset
1001 504 1070 548 oon-

87 571 189 651 sequi,
212 589 304 650 quam
325 571 378 632 vel
398 573 518 647 natura,
539 570 591 630 vel
612 569 734 632 fortuna
754 570 911 634 tribuerat.
955 571 1023 634 Iam
1038 571 1071 632 in

86 675 182 739 puero
206 656 371 738 apparebat
392 654 575 736 petulantia,
596 674 674 735 quae
694 655 819 717 modum
839 657 1017 735 excederet,
1039 660 1072 718 et

90 743 261 818 ostentatio,
277 761 356 822 quae
370 741 563 822 splendorem
579 741 664 802 vitae
678 742 854 803 sectaretur.
891 741 993 804 Puero
1008 743 1070 804 cui·
1091 739 1114 804 5

89 829 159 891 dam
173 827 347 903 robustiori,
363 827 415 907 qui
431 844 500 888 eum
514 825 596 888 inter
610 826 788 889 luctandum
803 826 967 909 increpuit,
989 828 1070 907 quod

85 914 242 976 morderet
252 913 415 974 mulierum
425 912 531 988 instar,
546 911 617 975 Dic
631 912 773 993 potius,
789 911 896 993 iuquit,
912 913 1069 974 leonum.

87 998 165 1063 Cum
180 998 342 1080 aliquando
357 997 390 1059 in
405 998 568 1078 angiportu
579 1017 650 1059 cum
660 997 730 1059 aliis
741 998 843 1078 pueris
854 998 931 1060 aleis
941 998 1070 1076 luderet,

85 1087 168 1148 iactu
183 1085 223 1147 ad
238 1104 308 1145 eum
322 1084 470 1146 redeunte
484 1084 633 1145 bubulcus
644 1084 816 1165 plaustrum
827 1103 923 1165 agens
933 1084 1069 1147 accessit.

86 1171 165 1232 Tum
181 1189 251 1231 cum
265 1168 313 1231 illi
328 1170 538 1245 acclamasset,
562 1172 597 1231 ut
616 1169 804 1246 subsisteret,
821 1170 848 1230 is
863 1174 964 1233 autem
979 1171 1069 1234 homo
1093 1167 1135 1231 10

87 1254 220 1318 rusticus
234 1275 350 1316 morem
365 1274 425 1316 non
439 1260 578 1335 gereret,
599 1255 655 1316 sed
674 1256 769 1318 boves
784 1255 937 1332 incitaret,
959 1257 1070 1319 ceteris

85 1343 189 1424 pueris
203 1341 433 1421 diffugientibus
448 1361 482 1403 se
495 1344 566 1403 ante
587 1340 758 1422 plaustrum
774 1342 902 1422 proiecit
916 1346 948 1402 et
961 1342 1070 1403 bubul-

88 1447 157 1489 cum
182 1428 319 1489 iumenta
348 1427 489 1488 cohibere
518 1427 627 1505 coegit
686 1426 941 1507 Praeceptoribus
968 1430 1070 1489 tamen

87 1514 168 1575 dioto
184 1513 315 1574 audiens
326 1513 385 1573 luit
399 1516 431 1574 et
445 1513 544 1573 literis
560 1513 732 1593 promptam
754 1531 877 1590 operam
892 1512 986 1588 dedit,
1011 1512 1071 1573 uisi

87 1600 168 1680 quod
183 1598 267 1661 tibiis
283 1597 402 1659 discere
416 1598 523 1673 noluit,
540 1598 649 1678 quibus
664 1597 831 1659 affirmavit
844 1598 954 1659 faeiem
970 1598 1069 1662 defer·
1094 1593 1135 1658 15

84 1684 173 1759 mari,
189 1681 288 1764 neque
302 1703 393 1765 posse
408 1684 447 1745 ad
464 1703 517 1745 eas
532 1684 647 1745 cantari
662 1703 761 1763 neque
775 1683 949 1746 declamari.
973 1683 1069 1745 Filii

87 1769 370 1845 Thebanorum,
386 1769 494 1848 inquit,
510 1769 881 1849 quidiseererenon
904 1771 1069 1851 possint,

86 1855 198 1918 tibiis
214 1858 360 1917 canant.
406 1854 493 1916 Inter
508 1874 626 1931 onmes,
651 1855 702 1934 qui
722 1856 762 1917 ad
776 1855 941 1918 amicitiam
956 1857 1022 1916 eius
1036 1875 1070 1916 se

86 1941 1070 2107 tttltlfftt&stultittralatuttt.tttltl
1089 2021 1134 2086 20

85 2132 105 2174 a
120 2113 294 2192 corruptela
308 2115 478 2192 temporum
493 2113 617 2174 illorum
632 2111 807 2173 custodiret
844 2111 953 2192 Neque
968 2115 1070 2194 tamen

86 2198 116 2260 ei
140 2197 281 2279 contigit,
308 2199 343 2258 ut
368 2197 527 2259 levitatem
550 2199 640 2259 huius
664 2200 826 2259 coerceret.
871 2196 972 2260 ltlulta
1001 2215 1069 2258 cum

85 2283 285 2358 adolevisset,
311 2282 473 2345 libidinose
492 2279 644 2346 ct‘iocose
658 2283 744 2360 fecit,
771 2303 849 2363 quae
875 2284 1068 2359 referremus,

83 2369 146 2431 nisi
159 2368 275 2430 maiora
288 2367 408 2450 potiora
422 2369 612 2431 haberemus.

128 2453 217 2516 Bello
231 2453 490 2536 Peloponnesiaco
504 2459 575 2537 post
589 2452 712 2517 Cleonis
726 2459 866 2531 mortem,
883 2473 959 2535 pace
973 2474 1028 2536 per
1049 2449 1156 2516 11125

84 2538 209 2603 Niciam
223 2539 255 2600 in
280 2541 503 2621 quinquaginta
528 2560 623 2602 annos
649 2542 739 2617 facta,
767 2541 901 2622 primum
928 2541 967 2601 ad
992 2559 1071 2601 rem—

41 2624 56 2693 ’,
85 2625 385 2710 publicamacoessit.
395 2624 593 2688 Pacisautem
603 2626 739 2688 condicio
749 2627 778 2686 ei
786 2625 951 2707 displicuit,
959 2625 1071 2706 quippe

85 2729 167 2792 quae
176 2711 293 2773 nullam
304 2712 363 2773 sibi
371 2712 559 2774 occasionem
570 2731 673 2772 rerum
683 2711 889 2790 gerendarum
900 2709 1069 2790 praeberet.

85 2797 291 2860 Succensebat
304 2797 455 2878 imprimis
470 2797 734 2872 Lacedaemoniis,
756 2796 838 2876 quod
851 2795 883 2856 in
903 2814 940 2857 ea
960 2796 1070 2857 consti-

64 2934 66 2939 .
85 2882 202 2946 tuenda
215 2902 275 2946 non
289 2901 332 2959 se,
349 2883 435 2944 cuius
449 2883 566 2945 familia
580 2888 687 2944 vetere
701 2878 827 2963 hospitii
841 2880 908 2942 iure
923 2899 992 2943 cum
1007 2881 1070 2944 illis
1092 2878 1136 2944 30

86 2968 248 3031 coniuncta
258 2972 348 3045 esset,
365 2969 419 3029 sed
430 2968 551 3030 Niciam
567 2968 716 3042 adissent;
739 2967 843 3048 itaque
866 2967 1069 3049 quandocum-

87 3074 148 3135 que
162 3059 290 3135 potcrat,
305 3054 430 3134 negotia
443 3055 506 3116 illis
521 3054 694 3117 exhibebat.
724 3051 818 3115 Haud
832 3054 877 3116 ita
890 3054 987 3116 multo
1001 3059 1071 3135 post

87 3139 209 3215 accidit,
224 3143 258 3202 ut
273 3137 443 3220 Segestani,
456 3159 543 3220 ¹quae
557 3143 624 3203 erat
639 3139 749 3202 civitas
764 3137 900 3217 Siciliae,
923 3140 962 3200 ab
977 3138 1071 3201 Athe-

86 3224 245 3289 niensibus
276 3226 427 3288 auxilium
459 3230 566 3288 contra
592 3225 801 3308 Syracusanos
827 3229 859 3289 et
884 3223 1070 3288 Selinuntius

85 3313 236 3394 peterent.
294 3310 373 3372 Eam
397 3312 587 3374 occasionem
611 3314 720 3374 nactus
745 3310 922 3374 Alcibiades
951 3309 1070 3370 civibus
1091 3304 1135 3370 35

62 3397 152 3461 ,suis
169 3401 276 3461 auctor
296 3397 366 3473 fuit,
387 3401 422 3459 ut
441 3395 641 3478 Syracusanis
662 3398 778 3460 bellum
797 3397 978 3469 indicerent;
998 3399 1085 3457 nam'

88 3502 159 3546 cum
172 3484 248 3545 urbs
261 3501 367 3547 corum
381 3484 500 3546 colonia
514 3483 626 3547 Dorice
640 3487 734 3560 esset,
757 3502 862 3546 eorum
883 3482 1070 3544 incremento

85 3588 136 3632 ree
145 3588 264 3652 quoque
274 3567 584 3634 lacedaemoniorum
595 3569 712 3652 augeri,
725 3572 831 3632 contra
838 3564 1070 3630 Atheniensium

881 3665 913 3720 a*
