2542 4088
225 237 273 304 90
594 239 696 302 XVII.
720 236 832 303 DION.

229 413 354 494 propter
375 431 474 474 mores
496 430 587 492 quam
608 411 795 474 affinitatem.
839 410 978 493 Namque
993 410 1050 473 etsi
1064 411 1209 494 Dionysii

229 496 394 560 crudelitas
408 498 438 558 ei
452 497 646 579 displicebat,
671 501 774 559 tamen
795 498 916 559 salvum
936 502 1061 578 propter
1074 499 1210 560 necessi·

229 583 374 659 tudinem,
390 584 489 663 magis
504 584 596 645 etiam
611 603 735 645 suorum
749 602 841 645 causa
855 584 1005 647 studebat.
1043 583 1162 646 Aderat
1175 585 1210 647 iu

229 669 350 749 magnis
364 671 465 745 rebus,
481 671 607 750 eiusque
622 670 747 732 consilio
762 670 893 731 multum
908 671 1088 733 movebatur
1102 673 1208 750 tyran-

177 757 208 821 95
229 776 300 831 nus,
322 755 381 817 nisi
401 776 462 836 qua
481 756 513 817 in
537 777 571 818 re
590 757 686 818 maior
707 755 803 836 ipsius
818 756 969 836 cupiditas
982 756 1207 819 intercesserat.

228 841 411 922 Legationes
426 834 501 904 vero
515 862 628 918 omnes,
644 860 723 921 quae
736 847 839 903 essent
852 843 1043 917 illustriores,
1066 861 1123 922 per
1136 841 1209 904 Dio·

228 947 299 990 nem
325 928 624 991 administrabantur:
651 947 726 1008 quas
752 928 874 1008 quidem
894 928 948 989 ille
969 928 1134 1006 diligenter
1154 929 1207 990 ob-

229 1014 336 1088 eundo,
352 1013 483 1075 fideliter
493 1015 628 1092 gerendo
639 1014 883 1076 crudelissimum
893 1034 1002 1076 nomen
1013 1013 1135 1095 tyranni
1147 1032 1207 1076 sua

229 1099 416 1161 humanitate
430 1100 563 1178 tegebat.
607 1099 699 1160 Hunc
713 1119 732 1161 a
745 1099 893 1180 Dionysio
908 1100 1035 1161 missum
1046 1096 1203 1178 Carthagi-

157 1187 207 1253 :10
229 1187 349 1247 aienses
371 1185 425 1245 sic
447 1189 663 1265 suspexerunt,
694 1190 728 1247 ut
748 1187 901 1247 neminem
922 1205 1067 1266 umquam
1087 1181 1205 1263 Graeca

228 1271 334 1349 lingua
347 1269 520 1350 loquentem
535 1272 635 1352 magis
648 1272 880 1334 admirarentur.

174 1357 207 1419 11
312 1355 420 1436 Neque
433 1377 505 1418 vero
521 1357 596 1419 haec
609 1356 792 1438 Dionysium
805 1357 970 1436 fugiebant.
997 1356 1077 1418 Nam
1093 1358 1206 1436 quanto

228 1444 310 1503 esset
323 1442 382 1502 sibi
397 1445 572 1504 ornamento
593 1444 750 1504 sentiebat.
798 1443 865 1513 Quo
880 1443 986 1519 fiebat,
1007 1447 1043 1504 ut
1061 1444 1115 1503 uni
1135 1443 1206 1503 huic

227 1529 361 1590 maxime
382 1529 555 1608 indulgeret
575 1548 671 1609 neque
691 1549 760 1590 euin
783 1549 870 1592 secus
887 1529 1029 1608 diligeret
1044 1546 1079 1588 ac
1094 1527 1205 1589 filium:

158 1612 206 1680 15
228 1615 281 1695 qui
296 1616 426 1694 quidem,
443 1635 511 1675 eum
525 1614 685 1676 Platonem
700 1616 865 1676 Tarentum
880 1616 1001 1675 uenisse
1015 1614 1097 1676 fama
1111 1614 1144 1675 in
1159 1612 1205 1675 Si-

227 1700 329 1762 ciliam
343 1704 424 1760 esset
438 1702 564 1780 perlata,
581 1700 766 1762 adolescenti
780 1721 893 1780 negare
908 1719 968 1760 non
990 1704 1107 1779 posset,
1131 1699 1205 1780 quin

227 1805 297 1846 eum
317 1791 498 1860 accerseret,
523 1806 591 1846 cum
610 1787 689 1846 Dion
711 1787 776 1847 eius
799 1787 942 1847 audiendi
964 1786 1132 1866 eupiditate
1152 1787 1205 1846 fla-

227 1874 340 1951 graret.
363 1871 455 1933 Dedit
470 1891 542 1950 ergo
557 1872 627 1932 huic
642 1873 763 1934 veniam
778 1892 948 1953 magnaque
959 1892 1029 1932 eum
1041 1871 1206 1933 ambitione

227 1956 394 2038 Syracusas
409 1953 593 2041 perduxitr).
618 1957 718 2027 Quem
731 1958 812 2018 Dion
826 1959 900 2020 adeo
916 1958 1083 2019 admiratus
1098 1961 1145 2019 est
1180 1960 1205 2018 t-

153 2043 205 2109 :20
227 2063 284 2123 que
300 2045 462 2119 adamavit,
483 2047 517 2105 ut
532 2064 565 2105 se
580 2044 608 2105 ei
622 2048 719 2104 totum
734 2046 883 2105 traderet:
903 2064 1001 2123 neque
1015 2063 1088 2104 vero
1103 2044 1205 2103 minus

227 2130 316 2190 Plato
333 2130 500 2190 delectatus
516 2135 563 2190 est
576 2129 682 2190 Dione.
727 2131 836 2210 Itaque
851 2149 919 2190 cum
941 2149 959 2190 a
975 2129 1119 2210 Dionysio
1135 2147 1203 2188 eru-

228 2216 337 2277 deliter
348 2215 480 2277 violatus
492 2219 580 2290 esset,
598 2216 708 2296 quippe
720 2217 771 2296 qui
783 2237 852 2276 eum
863 2217 1044 2277 venumdari
1054 2215 1202 2289 iussisset,

226 2311 328 2361 tamen
353 2305 574 2380 postmortem
599 2303 664 2361 eius
690 2302 796 2363 eodem
820 2303 912 2363 rediit
937 2302 1073 2362 eiusdem
1096 2299 1204 2361 Dionis

227 2385 365 2466 precibus
381 2386 537 2446 adductus.
566 2388 694 2447 Interim
709 2389 740 2447 in
755 2389 894 2448 morbum
907 2388 1016 2448 incidit
1028 2386 1205 2466 Dionysius.

152 2471 205 2537 :25
227 2471 295 2541 Quo
312 2489 380 2531 cum
394 2472 484 2552 gravi
499 2473 737 2549 conflictaretur,
762 2475 912 2553 quaesiuit
934 2494 952 2535 a
974 2474 1100 2534 medicis
1115 2473 1204 2548 Dion,

227 2557 480 2638 quemadmodum
494 2578 528 2619 se
543 2559 676 2633 haberet,
694 2559 843 2638 simulque
857 2560 895 2621 ab
911 2561 955 2620 eis
970 2560 1066 2640 petiit,
1084 2560 1110 2620 si
1124 2560 1204 2620 forte

226 2645 262 2705 in
276 2644 390 2704 maiore
405 2648 486 2706 esset
500 2645 642 2725 pericula,
659 2654 694 2705 ut
708 2646 766 2705 sibi
785 2646 966 2709 faterentur:
989 2665 1059 2708 nam
1081 2646 1207 2707 uolebat

227 2751 295 2792 cum
311 2751 345 2791 eo
369 2731 498 2811 colloqui
522 2733 560 2792 de
583 2731 741 2811 partiendo
761 2751 871 2810 regne,
897 2733 978 2811 quod
1003 2734 1116 2793 sororis
1131 2751 1207 2793 suae

225 2817 304 2878 filios
326 2836 367 2877 ex
387 2816 440 2878 illc
462 2821 549 2880 natos
571 2818 659 2897 regni
674 2818 800 2897 putabat
820 2818 984 2898 participes
1000 2837 1066 2878 esse
1082 2818 1204 2884 debere.

151 2899 205 2963 .30
226 2903 265 2960 Id
275 2902 385 2962 medici
396 2923 455 2963 non
466 2906 626 2965 tacuerunt
640 2909 672 2963 et
684 2904 723 2963 ad
733 2904 913 2984 Dionysium
926 2904 1023 2964 filium
1035 2923 1207 2966 sermonem

225 2986 403 3050 retulerunt.
448 2988 516 3058 Quo
538 2991 591 3051 ille
613 2996 795 3065 commotus,
818 3010 857 3050 ne
879 2990 989 3068 agendi
1012 2992 1094 3050 esset
1114 2990 1207 3052 Dioni

226 3076 369 3151 potestas,
386 3075 465 3152 patri
480 3095 619 3156 soporem
633 3075 767 3135 medicos
788 3076 860 3135 dare
875 3077 983 3155 coegit.
1028 3074 1097 3136 Hoc
1112 3095 1206 3158 aeger

225 3160 344 3237 sumpto
360 3161 395 3216 ut
409 3178 512 3220 somno
528 3161 644 3240 sopitus
658 3160 738 3220 diem
755 3161 828 3222 obiit
843 3181 1025 3240 supremum.

139 3245 203 3310 :1111
311 3243 386 3303 Tale
402 3243 521 3305 initium
535 3246 593 3306 fuit
604 3245 710 3306 Diouis
722 3250 753 3307 et
762 3247 904 3327 Dionysii
918 3246 1092 3322 simultatis,
1109 3266 1207 3327 eaque

155 3328 203 3392 35
225 3329 330 3391 multis
344 3329 449 3405 rebus,
474 3332 608 3393 maxime
629 3350 698 3392 eum
712 3332 826 3393 inimici
840 3333 969 3394 Dionem
984 3333 1206 3394 calumniaren-

291 3534 318 3599 *t
336 3536 409 3588 Plato
428 3536 485 3588 lam
502 3537 598 3589 damals
616 3552 665 3588 von
688 3535 767 3588 facien
786 3536 894 3590 Stttoleu
915 3538 981 3589 nach
999 3509 1112 3590 Sicilien.
1148 3536 1208 3590 Aul

224 3604 308 3657 Bitten
324 3606 369 3658 das
387 3607 453 3658 Dion
471 3606 559 3658 warde
576 3621 604 3658 er
621 3611 704 3672 spater
721 3621 777 3658 rom
792 3608 917 3673 jungercu
928 3608 1025 3674 Dionys
1042 3606 1206 3674 hingerufeu.
