2504 4080
496 241 681 308 armeus.
753 210 756 215 ’
1016 244 1078 308 rav

97 418 156 480 sed
176 417 270 479 etiam
290 436 359 477 cum
380 416 461 478 esset
475 415 507 476 in
521 416 596 477 urbe
611 418 642 477 et
656 417 780 497 propter
794 415 930 478 infinitas
945 436 1015 478 suas
1029 437 1079 480 oc-

98 504 275 586 cupationes
301 502 402 563 miuus
426 520 518 583 saepe
543 522 634 582 quam
661 502 758 564 vellet
782 501 885 563 Attico
917 503 1078 580 frueretur,

99 591 202 651 nullus
216 590 282 650 dies
296 592 411 649 temere
424 588 611 664 intercessit,
635 607 693 669 quo
708 608 770 649 non
784 589 823 649 ad
838 608 907 648 eum
922 591 1079 666 scriberet,

100 695 171 737 cum
191 676 281 735 modo
304 673 418 754 aliquid
439 674 477 734 de
491 674 672 754 antiquitate
686 674 723 736 ab
738 694 774 736 eo
788 675 966 753 requireret,
989 676 1078 737 modo

100 762 234 841 aliquam
254 760 463 840 quaestionem
484 760 635 840 poeticam
656 760 685 820 ei
706 763 902 841 proponeret,
925 760 1126 825 interdum5

99 848 201 908 iocans
221 847 285 907 eius
300 846 491 907 verbosiores
512 846 637 907 eliceret
651 846 809 927 epistolas:
829 866 870 907 ex
884 866 943 927 quo
958 847 1078 923 accidit,

101 952 170 994 oum
180 933 263 993 aedis
271 931 356 994 Iovis
364 930 503 1006 Feretrii,
515 932 548 992 in
555 927 706 1012 Capitolio
717 932 756 992 ab
763 931 894 994 Romulo
906 933 1078 1008 constituta,

98 1022 252 1080 vetustate
276 1022 368 1098 atque
394 1018 512 1078 incuria
532 1018 653 1078 detecta
677 1019 901 1099 prolaberetur,
928 1022 962 1078 ut
983 1019 1079 1080 Attici

100 1104 257 1165 admonitu
273 1101 385 1164 Caesar
400 1122 466 1164 eam
481 1103 674 1166 reficiendam
690 1108 820 1165 curaret.
851 1103 957 1184 Neque
971 1124 1045 1166 vero
1060 1124 1079 1166 a

100 1191 143 1250 M.
160 1189 292 1250 Antonio
308 1189 408 1249 minus
421 1190 530 1250 absens
554 1190 664 1252 litteris
685 1190 856 1264 colebatur,
877 1191 952 1251 adeo
974 1195 1010 1252 ut
1030 1209 1079 1252 ac·
1102 1188 1148 1254 lo

101 1278 207 1336 curate
220 1275 274 1335 ille
288 1295 329 1335 ex
342 1275 459 1335 ultimis
474 1272 573 1352 torris,
589 1276 662 1356 quid
678 1280 792 1354 ageret,
809 1295 899 1337 curae
914 1277 973 1337 sibi
986 1278 1078 1339 babe-

100 1364 149 1422 ret
164 1360 322 1422 certiorem
337 1362 438 1422 facere
451 1360 597 1422 Atticum.
641 1361 709 1422 Hoc
724 1362 814 1441 quale
828 1361 869 1422 sit
889 1362 1009 1424 facilius
1025 1383 1078 1424 ex-

100 1446 250 1507 istimabit
269 1442 309 1520 is,
326 1446 379 1526 qui
400 1446 536 1506 iudicare
555 1448 675 1527 poterit,
697 1450 828 1526 quantae
850 1447 890 1506 sit
911 1448 1079 1527 sapientiae

101 1552 207 1593 eorum
220 1532 352 1593 retinere
366 1551 457 1592 usum
470 1531 780 1613 benevolentiamque,
796 1533 876 1592 inter
891 1552 966 1611 quos
981 1534 1077 1594 maxi-

100 1637 220 1679 marum
233 1638 338 1679 rerum
350 1637 412 1678 non
426 1617 524 1678 solum
539 1619 710 1694 aemulatio,
731 1619 785 1679 sed
800 1618 977 1680 obtrectatio
993 1622 1078 1680 tauta
1101 1615 1147 1680 15

99 1704 321 1778 intercedebat,
345 1706 488 1782 quautam
507 1704 566 1765 fuit
587 1705 721 1766 incidere
736 1724 860 1766 necesse
874 1704 954 1765 inter
970 1701 1078 1768 Caesa-

99 1810 166 1851 rem
180 1794 270 1869 atque
284 1788 466 1864 Antonium,
489 1809 559 1850 oum
579 1810 612 1850 ee
634 1794 761 1871 uterque
775 1790 943 1870 principem
957 1810 1017 1851 non
1032 1812 1079 1853 so-

100 1877 166 1937 lum
180 1876 264 1936 urbis
278 1874 405 1951 Romae,
421 1876 477 1936 sed
491 1876 574 1936 orbis
589 1878 740 1938 terrarum
755 1897 823 1937 esse
837 1878 970 1956 cuperet.

165 1961 232 2022 Tali
252 1961 341 2023 modo
365 1981 433 2022 cum
455 1966 572 2041 septem
593 1965 624 2022 et
644 1962 839 2043 septuaginta
861 1982 954 2024 anuos
978 1981 1057 2023 com·
1077 1957 1169 2022 'XXI

99 2047 214 2129 plesset
233 2050 326 2126 atque
347 2047 387 2109 ad
406 2049 575 2108 extremam
589 2052 776 2109 senectutem
790 2068 851 2109 non
865 2047 965 2108 minus
981 2048 1079 2126 digni-
1100 2043 1143 2109 20

99 2135 163 2194 tate
178 2153 267 2213 quam
282 2133 384 2213 gratia
397 2133 577 2213 fortunaque
592 2135 753 2196 crevisset:
768 2134 881 2194 multas
896 2133 977 2194 enim
991 2133 1078 2195 here·

99 2220 212 2280 ditatas
226 2218 312 2279 nulla
326 2219 435 2280 aliare
449 2239 540 2298 quam
555 2220 690 2281 bonitate
706 2224 886 2281 consecutus
901 2222 960 2280 est:
980 2224 1079 2281 tanta-

100 2325 160 2384 que
174 2305 376 2385 prosperitate
389 2324 464 2365 usus
479 2308 559 2366 esset
573 2306 772 2380 valetudinis,
794 2309 828 2366 ut
848 2305 937 2387 annis
952 2306 1079 2385 triginta

99 2390 251 2451 medicina
265 2410 325 2452 non
338 2390 530 2471 indiguisset,
545 2394 653 2453 nactus
668 2399 715 2453 est
728 2392 876 2466 morbum,
892 2411 982 2472 quem
993 2389 1078 2453 initio

99 2479 132 2537 et
146 2476 212 2557 ipse
226 2479 257 2536 et
270 2476 380 2537 medici
395 2481 649 2558 contempserunt.
693 2477 773 2538 Nam
794 2479 940 2558 putarunt
954 2497 1021 2538 esse
1036 2480 1078 2538 te-
1100 2471 1148 2536 25

99 2581 241 2639 nesmon,
267 2561 317 2621 cui
341 2563 476 2623 remedia
502 2564 613 2624 celeria
636 2563 798 2644 faciliaque
823 2564 1076 2645 proponebantur.

99 2649 138 2709 In
152 2649 209 2709 hoc
225 2667 293 2708 cum
308 2653 370 2709 tres
384 2668 504 2732 menses
519 2649 584 2710 sine
598 2649 670 2710 ullis
685 2649 850 2725 doloribus,
865 2654 1078 2729 praeterquam

100 2754 174 2813 quos
190 2754 231 2795 ex
251 2734 404 2795 curatione
424 2735 576 2814 capiebat,
597 2735 848 2814 consumpsisset,
871 2734 970 2795 subito
994 2736 1079 2795 tanta

98 2820 149 2879 vis
163 2819 260 2881 morbi
274 2820 306 2880 in
320 2838 416 2881 unum
430 2820 608 2881 intestinum
623 2820 775 2901 prorupit,
795 2823 830 2881 ut
851 2823 988 2882 extremo
1004 2824 1078 2881 tem-

99 2924 173 2985 pore
197 2924 253 2985 per
274 2904 394 2967 lumbos
419 2906 541 2967 fistulae
566 2907 651 2987 puris
676 2905 839 2987 eruperint.
895 2904 996 2985 Atque
1020 2907 1078 2968 hoc
1100 2902 1149 2970 30

98 2990 277 3071 priusquam
291 2991 321 3052 ei
335 2992 501 3069 accideret,
525 2996 684 3073 postquam
705 2991 736 3051 in
756 2992 822 3052 dies
845 2991 963 3053 dolores
979 3010 1079 3053 accre-

100 3096 186 3138 scere
200 3077 359 3158 febresque
375 3079 541 3139 accessisse
555 3079 664 3153 sensit,
686 3077 858 3158 Agrippam
872 3097 1019 3158 generum
1040 3079 1079 3139 ad

99 3183 134 3224 se
147 3163 262 3224 accersi
276 3163 365 3224 iussit
379 3167 410 3225 et
424 3183 493 3225 cum
508 3184 544 3226 eo
558 3164 592 3225 L.
610 3162 786 3227 Cornelium
797 3162 928 3225 Balbum
940 3162 1079 3225 Sextum·

100 3269 160 3329 que
170 3247 371 3311 Peducaeum.
394 3249 460 3312 Hos
471 3253 506 3311 ut
520 3251 641 3313 venisse
656 3250 743 3327 vidit,
759 3249 791 3311 in
805 3251 941 3312 cubitum
955 3248 1078 3309 innixus

99 3334 294 3405 Quantam
308 3335 407 3414 inquit
422 3354 551 3397 curam
567 3336 896 3418 diligentiamque
911 3336 948 3395 in
968 3333 1077 3394 vale·
1099 3329 1147 3394 35

99 3421 238 3481 tudine
269 3440 349 3482 mea
383 3422 525 3482 tuenda
550 3422 620 3483 hoc
644 3426 812 3503 tempore
838 3418 1078 3483 adhibuerim

97 3523 182 3568 oum
196 3525 266 3568 vos
281 3509 403 3567 testes
418 3508 588 3581 habeam,
604 3507 871 3568 nihilnecesse
886 3508 944 3567 est
958 3505 1078 3587 pluri-

98 3591 172 3653 bus
195 3592 331 3655 verbis
356 3610 662 3656 commemorare.
706 3592 854 3664 Quibus
883 3592 1076 3673 quoniam,
