2542 4088
198 217 243 282 42
519 217 573 279 VI.
598 214 858 281 ALCIBIADES.

199 388 331 451 Athenis
354 387 550 462 instituisset;
583 407 677 471 quare
703 388 729 450 si
756 407 827 451 suas
852 408 902 449 ras
928 392 1032 468 gestas
1058 407 1183 452 manere

199 475 309 550 vellet,
323 473 421 536 -illum
439 477 681 555 persequeretur.
726 473 784 535 His
805 473 886 536 Laco
907 475 998 536 rebus
1013 477 1183 537 commotus

200 560 308 627 statuit
320 561 492 623 accuratius
514 559 573 621 sibi
593 560 747 640 agendum
767 578 836 622 cum
850 558 1054 622 Pharnabazo.
1098 559 1183 624 Huic

199 665 273 732 ergo
294 645 463 721 renuntiat,
486 663 566 726 quae
587 645 656 726 regi
676 665 746 707 cum
760 643 1008 707 Lacedaemoniis
1024 646 1181 707 convenis-

152 728 178 792 b
200 733 278 808 sent,
293 731 352 793 nisi
365 730 557 794 Alcibiadem
571 732 679 803 rivum
692 734 746 794 aut
760 733 914 794 mortuum
925 730 983 791 sibi
994 730 1181 794 tradidisset.

199 816 281 879 Huic
300 817 478 897 exposcenti
497 820 635 899 satrapes
654 817 798 879 resistere
819 835 880 878 non
899 819 953 898 pot
976 816 999 878 't
1016 819 1050 879 et
1064 816 1183 879 violare
1211 878 1213 883 .

200 902 393 966 clementiam
406 922 498 984 quam
512 903 595 983 regis
610 923 682 985 opes
697 902 793 965 minui
807 902 925 968 maluit.
968 900 1077 982 Itaque
1096 902 1185 966 misit

200 989 408 1053 Susametrem
428 992 460 1050 et
473 987 631 1067 Bagaeum
653 990 692 1051 ad
711 987 903 1050 Alcibiadem
928 986 1183 1064 interficiendum,

200 1093 270 1135 cum
288 1075 343 1136 ille
362 1077 444 1136 esset
463 1074 496 1135 in
510 1073 650 1156 Phrygia
669 1073 789 1154 iterque
807 1073 848 1135 ad
860 1092 966 1155 regem
982 1077 1182 1156 compararet

137 1154 179 1220 10
199 1158 288 1220 Missi
299 1200 301 1204 ι
312 1159 391 1221 clam
404 1158 569 1233 vicinitati,
593 1161 626 1222 in
641 1178 701 1240 qua
721 1162 786 1220 tum
800 1157 978 1222 Alcibiades
1002 1162 1081 1234 erat,
1108 1159 1185 1221 dant

6 1245 9 1252 '
199 1243 365 1324 negotium,
380 1247 416 1305 ut
429 1264 500 1305 eum
514 1244 705 1307 interficiant.
728 1244 783 1306 Illi
796 1263 867 1306 oum
879 1246 1041 1307 ferrosum
1053 1245 1184 1326 aggredi

199 1349 260 1392 nou
275 1329 435 1404 auderent,
457 1333 551 1392 noctu
571 1330 657 1410 ligna
678 1329 871 1393 contulerunt
892 1329 973 1392 eirea
986 1349 1089 1392 oasam
1104 1349 1181 1404 eam,

197 1415 1096 1583 ltltltttt,ttttssttttttl’attuit
1112 1435 1183 1563 u

330 1549 345 1578 ,‚
1061 1547 1067 1560 .

135 1580 177 1647 15
199 1589 301 1648 autem
321 1591 356 1649 nt
378 1587 478 1671 sonitu
497 1588 637 1649 flammae
658 1590 706 1649 est
725 1587 891 1661 excitatus,
918 1606 988 1649 cum
1010 1586 1131 1668 gladius
1151 1587 1184 1648 ei

199 1676 280 1734 esset
301 1671 482 1748 subductus,
510 1673 671 1735 familiaris
693 1673 740 1733 sui
761 1673 903 1734 subalare
925 1672 1022 1734 telum
1042 1672 1182 1755 arripuit.

198 1758 338 1837 Namque
361 1761 427 1818 erat
448 1776 517 1820 cnm
542 1777 578 1819 eo
604 1758 728 1838 quidam
754 1777 795 1818 ex
817 1756 951 1820 Arcadia
974 1758 1101 1838 hospes,
1131 1757 1185 1838 qni

199 1861 364 1922 numquam
379 1842 536 1904 discedere
551 1843 698 1906 voluerat.
742 1842 833 1904 Hune
847 1843 933 1923 sequi
948 1863 983 1904 se
996 1843 1082 1904 iubet
1096 1845 1128 1904 et
1140 1843 1184 1920 id,

200 1928 280 2008 quod
301 1928 334 1989 in
355 1928 528 2008 praesentia
550 1929 803 1991 vestimentorum
823 1929 890 2004 fuit,
916 1928 1033 2009 arripit.
1078 1927 1136 1989 His
1150 1929 1185 1990 in

130 2007 177 2074 20
197 2014 301 2093 ignem
321 2013 426 2076 eiectis
450 2015 590 2076 flammae
611 2015 675 2076 vim
700 2014 829 2076 transiit.
876 2012 976 2084 Quem
999 2016 1034 2075 ut
1057 2013 1182 2076 barbari

198 2099 372 2161 incendium
392 2098 535 2180 effugisse
557 2100 715 2173 viderunt,
738 2099 808 2160 telis
829 2100 949 2161 eminus
971 2099 1073 2161 missis
1088 2099 1183 2160 inter·

198 2185 336 2246 fecerunt
351 2189 500 2265 caputque
523 2185 590 2247 eius
612 2185 652 2247 ad
667 2184 897 2247 Pharnabazum
912 2185 1092 2247 retulerunt.
1137 2183 1184 2246 At

198 2269 319 2344 mulier,
335 2289 413 2349 quae
428 2289 497 2331 cum
508 2291 544 2332 ec
556 2271 664 2333 vivere
679 2274 850 2346 consuerat,
866 2271 1008 2333 muliebri
1024 2289 1079 2331 sua
1093 2274 1183 2332 veste

199 2356 371 2418 contectum
385 2354 516 2417 aedificii
529 2355 669 2440 incendio
684 2361 837 2418 mortuum
858 2356 1022 2432 cremauit,
1045 2355 1127 2435 quod
1141 2357 1184 2418 ad

135 2435 179 2501 25
200 2439 307 2501 vivum
328 2439 564 2502 interimendum
584 2445 649 2504 erat
670 2444 886 2523 comparatum.
933 2440 983 2503 Sic
1003 2439 1184 2502 Alcibiades

199 2545 293 2588 annos
307 2525 429 2586 circiter
444 2526 647 2606 quadraginta
660 2532 750 2589 natus
765 2526 847 2587 diem
861 2546 1037 2608 supremum
1051 2526 1136 2588 obiit.

107 2608 199 2673 XIII
285 2610 377 2672 Hunc
396 2611 576 2673 infamatum
597 2631 616 2673 a
635 2613 789 2693 plerisque
809 2616 873 2673 tres
888 2611 1064 2691 gravissimi
1079 2631 1184 2674 rerum

199 2697 363 2779 scriptores
379 2697 505 2759 summis
528 2697 669 2759 laudibus
685 2699 876 2761 extulerunt:
900 2697 1106 2778 Thucydides,
1130 2698 1185 2777 qui

200 2784 336 2847 eiusdem
361 2783 471 2846 aetatis
496 2783 568 2859 fuit,
594 2803 777 2864 quamquam
798 2783 876 2845 vitia
902 2784 981 2858 eius,
1013 2781 1184 2860 libidinem,

135 2863 178 2930 30
199 2867 369 2944 luxuriam,
392 2869 519 2931 nimiam
533 2869 729 2932 ambitionem
743 2889 805 2931 non
819 2869 941 2944 reticet,
959 2867 1183 2949 Theopompus,

70 2959 72 2962 '
201 2954 253 3033 qui
273 2955 428 3033 aliquanto
452 2959 521 3036 post
542 2957 633 3016 natus
654 2958 715 3031 est,
739 2953 895 3028 Timaeum
911 2954 963 3035 qui
984 2954 1107 3034 quidem
1122 2954 1184 3015 duo
1209 2988 1218 3007 κ

201 3039 480 3100 maledicentissimi
505 3041 607 3102 nescio
634 3041 783 3121 quomodo
808 3040 841 3100 in
865 3039 919 3102 illo
943 3059 1003 3101 uno
1027 3038 1184 3101 laudando

201 3124 426 3186 concinuerunt.
470 3125 609 3206 Namque
624 3145 668 3200 ea,
691 3145 767 3205 quae
783 3125 1076 3206 suprascripsimus,
1092 3124 1131 3186 de
1148 3144 1185 3187 eo

201 3209 456 3289 praedicaverunt
470 3213 561 3290 atque
577 3212 635 3278 hoc
648 3211 794 3292 amplius;
816 3229 885 3271 eum
899 3206 1038 3285 Athenis,
1056 3210 1186 3272 civitate

136 3291 179 3357 35
201 3294 457 3375 splendidissima,
473 3303 563 3357 natus
578 3299 667 3371 esset,
683 3316 787 3358 omnes
803 3297 966 3376 splendore
981 3315 1017 3357 ac
1032 3296 1186 3375 dignitate

200 3381 283 3445 vitae
299 3400 474 3462 superasse;
489 3383 649 3463 postquam
663 3382 734 3443 iude
748 3383 896 3462 expulsus
908 3382 1028 3444 Thebas
1039 3383 1186 3457 venisset,

201 3466 276 3531 adeo
291 3467 400 3530 studiis
415 3486 520 3531 eorum
534 3467 713 3543 inservisse,
734 3470 769 3528 ut
789 3487 877 3530 nemo
898 3488 968 3529 eum
990 3468 1095 3530 labore
1117 3486 1185 3530 cor·

201 3553 343 3634 purisque
365 3553 483 3615 viribus
504 3556 610 3636 posset
623 3554 822 3635 aequiparare
835 3558 952 3630 (ornnes
967 3554 1050 3616 enim
1064 3552 1187 3618 Boeotii
