2504 4080
216 230 258 298 66
545 233 604 295 XI.
628 231 870 295 PELOPIDAS.

215 409 300 468 tanto
320 423 354 466 ee
374 403 518 466 offerrent
538 404 682 484 periculo.
727 404 796 474 Qua
815 405 970 486 paucitate
992 423 1143 486 percussa
1156 409 1199 469 est

214 490 525 553 Lacedaemoniorum
539 490 684 571 potentia.
709 489 752 550 Hi
767 491 848 551 enirn
862 510 924 552 non
938 492 1039 572 magis
1055 492 1199 554 adversa·

215 576 332 638 riorum
347 575 471 638 factioni
491 595 582 655 quam
597 574 760 657 Spartiatis
780 595 815 637 eo
837 578 975 656 tempore
989 577 1109 639 bellum
1122 579 1198 639 intu-

215 661 327 737 lerunt,
340 662 392 741 qui
403 661 650 743 principesorant
659 661 752 724 totius
764 658 925 736 Graeciam
939 682 1070 742 quorum
1081 663 1198 745 imperii

173 741 194 806 5
215 748 359 810 maiestas
381 767 480 828 neque
500 747 544 808 ite
563 748 660 808 multo
682 749 751 829 post
772 746 932 808 Leuctrica
954 767 1063 828 pugna
1085 750 1197 811 abhoc

215 834 303 897 initio
324 834 465 915 perculsa
486 833 624 895 concidit.
669 832 723 893 Illi
747 833 844 911 igitur
869 833 1042 910 duodecim,
1073 854 1197 915 quorum

217 921 282 981 dux
304 922 370 981 erat
390 919 568 1000 Pelopidas,
590 918 719 980 Athenis
741 919 888 994 interdiu,
911 922 946 981 ut
964 924 1197 1000 vesperascente

217 1007 301 1069 coelo
326 1005 445 1066 Thebas
467 1007 593 1084 possent
613 1003 789 1085 pervenire,
811 1023 880 1065 cum
901 1005 1027 1066 canibus
1049 1006 1198 1068 venaticis

216 1093 296 1154 retia
310 1092 442 1152 serentes
456 1090 572 1178 uestitu
585 1091 702 1169 agresti
716 1090 871 1165 exierunt,
895 1109 954 1169 quo
969 1090 1089 1153 minore
1105 1093 1196 1172 suspi-

152 1172 195 1235 10
217 1178 303 1240 cione
324 1176 459 1238 lacerent
480 1174 553 1251 iter,
576 1178 667 1256 atque
689 1178 825 1256 tempore
845 1176 912 1256 ipso
935 1196 993 1255 quo
1015 1179 1199 1240 studuerunt

217 1263 408 1324 advenerunt
429 1265 460 1321 et
480 1261 603 1321 domum
625 1259 773 1324 Charonis
800 1262 1012 1339 deverterunt,
1039 1282 1059 1324 a
1086 1283 1145 1345 quo
1170 1266 1197 1325 et

215 1351 336 1428 tempus
351 1349 383 1408 ct
397 1347 463 1408 dies
478 1350 544 1407 orat
557 1348 657 1408 datus.
701 1347 799 1409 Erant
813 1350 915 1408 autern
930 1349 1051 1410 omnino
1068 1368 1139 1411 cum
1153 1349 1197 1426 iis,

216 1434 267 1515 qui
282 1435 314 1494 in
328 1435 404 1495 urbe
419 1453 452 1495 se
466 1433 676 1508 adiunxerant,
693 1433 1004 1512 duodequadraginta.

146 1515 193 1579 IV
301 1521 370 1582 Iam
384 1519 538 1601 epulaturi
549 1521 637 1581 erant
647 1518 853 1581 Boeotarchae
868 1521 990 1598 praeter
999 1518 1197 1583 Leontiadam

152 1599 193 1666 15
217 1612 248 1669 et
262 1607 409 1687 Hypaton
431 1607 463 1666 in
485 1606 574 1666 domo
588 1605 767 1684 Phyllidas,
788 1605 839 1684 qui
854 1603 987 1666 Archiae
1007 1606 1046 1666 ab
1061 1607 1198 1687 epistolis

215 1697 283 1754 erat
302 1696 334 1753 et
355 1711 423 1752 cum
446 1690 610 1751 coniuratis
631 1693 856 1770 composuerat,
877 1694 912 1752 ut
926 1691 1042 1752 vestitu
1056 1691 1198 1754 muliebri

217 1784 337 1857 sumpto
358 1780 513 1856 tamquam
534 1775 677 1836 tibicinae
700 1780 732 1836 et
745 1776 916 1838 saltatrices
932 1777 971 1837 ad
985 1778 1135 1839 convivas
1150 1779 1197 1839 ob

215 1862 372 1924 lactandos
392 1861 488 1923 multo
510 1880 639 1941 vespere
668 1861 818 1922 adessent.
876 1860 982 1925 Subito
1007 1864 1135 1925 nuntius
1160 1863 1197 1925 ad

215 1968 305 2011 aures
319 1948 556 2026 magistratuum
570 1947 720 2027 pervenit,
737 1948 859 2008 exsules
874 1948 906 2007 in
919 1949 996 2011 urbe
1011 1967 1088 2010 esse.
1135 1948 1198 2012 Sta·

149 2024 193 2090 20
216 2036 272 2096 tim
296 2034 427 2096 Archias
451 2032 626 2114 apparitore
651 2034 743 2095 misso
770 2030 942 2095 Charonem
967 2034 1007 2094 ad
1032 2053 1066 2094 se
1093 2035 1198 2097 venire

214 2120 310 2195 iubet;
326 2120 353 2181 is
367 2120 454 2182 initio
471 2119 593 2198 quidem
606 2121 643 2180 ut
657 2119 750 2180 ceteri
765 2119 914 2180 coniurati
932 2120 1116 2201 perterritus
1130 2139 1198 2183 cum

215 2207 343 2268 sentiret
352 2205 498 2266 Archiam
513 2205 589 2265 nihil
603 2206 679 2266 certi
694 2206 732 2266 de
744 2224 825 2265 aare
845 2205 1033 2284 cognovisse,
1049 2206 1200 2286 promittit

215 2312 248 2353 se
258 2310 381 2371 operam
392 2290 545 2367 daturum,
556 2294 661 2352 utrem
671 2291 842 2352 accuratius
851 2291 1050 2370 perquireret,
1062 2294 1198 2354 ceterum

214 2397 253 2438 ne
267 2375 355 2437 ranis
369 2376 542 2436 rumoribus
557 2375 649 2437 fidem
664 2377 797 2438 haberet
842 2375 936 2436 Brevi
950 2379 1021 2457 post
1040 2378 1139 2439 allata
1154 2380 1199 2441 aa

148 2452 192 2518 25
214 2461 344 2543 epistola
364 2461 494 2522 Athenis
522 2462 560 2523 ab
586 2461 703 2522 Archia
728 2462 858 2542 quodam
884 2462 1041 2524 sacerdote
1066 2463 1200 2527 Archiae

214 2545 387 2628 cognomini
399 2548 427 2608 ei
438 2547 490 2626 qui
500 2547 670 2608 maximum
681 2548 897 2627 magistratum
909 2547 1020 2608 Thebis
1032 2548 1198 2625 obtinebat,

214 2635 246 2695 in
272 2632 459 2714 quaomnia
485 2633 523 2694 de
549 2633 738 2713 profectione
764 2633 990 2695 coniuratorum
1016 2638 1105 2710 arant
1131 2655 1198 2716 per-

214 2720 338 2801 scripta.
382 2717 470 2790 Quae
485 2737 554 2780 oum
568 2719 629 2782 iam
645 2720 803 2782 accubanti
818 2720 850 2779 in
865 2720 1006 2781 convivio
1021 2726 1103 2781 esset
1117 2722 1198 2797 data,

214 2808 294 2868 sicut
314 2808 382 2868 erat
402 2806 524 2888 signata
547 2807 603 2867 sub
629 2806 790 2887 pulvinum
816 2805 968 2866 subiciens
991 2806 1034 2865 In
1060 2806 1199 2869 crasti-

149 2878 193 2944 30
214 2912 313 2966 num,
336 2893 448 2971 inquit,
475 2892 617 2954 differo
643 2912 705 2954 res
725 2892 857 2953 serias.
903 2891 1021 2952 Deinde
1044 2910 1114 2952 cum
1137 2893 1197 2955 iam

214 2979 335 3055 tempus
345 2977 503 3039 videretur
516 2978 562 3038 rei
583 2979 746 3057 gerendas,
762 2977 911 3038 coniurati
922 2976 1066 3057 bipartito
1079 2996 1096 3037 e
1108 2978 1197 3041 domo

215 3057 362 3121 Charonis
383 3063 500 3140 egressi
522 3067 607 3137 sunt,
633 3063 722 3124 alteri
748 3063 787 3122 ad
813 3062 937 3123 domum
958 3062 1139 3143 Phyllidas,
1167 3065 1198 3149 in

214 3164 304 3225 quarn
330 3145 498 3208 intromissi
522 3149 607 3209 nullo
626 3148 750 3228 negotio
770 3150 918 3228 tyrannos
945 3148 1139 3229 inopinantes
1168 3152 1200 3212 et

213 3232 345 3292 inermes
360 3232 604 3308 trucidaverunt,
624 3232 789 3315 Pelopidas
809 3237 911 3295 autern
933 3253 1001 3295 oum
1016 3233 1200 3298 Damoolida

148 3305 192 3372 35
214 3319 253 3380 ed
275 3316 473 3379 Leontiadam
500 3321 531 3378 et
552 3317 698 3400 Hypaton
723 3318 961 3395 interficiendos;
989 3340 1117 3400 quorum
1143 3321 1200 3383 ille

213 3407 284 3486 post
302 3402 467 3465 vehemens
486 3404 640 3466 certamen
660 3405 777 3469 occisus
792 3410 854 3480 est,
876 3405 926 3467 hio
946 3405 1054 3486 effugit
1073 3407 1198 3486 quidem

213 3511 231 3552 e
247 3491 335 3553 domo
351 3508 407 3552 sua
420 3490 460 3552 ad
474 3490 600 3564 vicinos,
617 3493 672 3553 sed
687 3492 777 3573 paulo
793 3493 863 3572 post
875 3494 1027 3553 retractus
1042 3493 1108 3572 ipse
1123 3511 1199 3574 quo-

214 3596 273 3657 que
297 3596 460 3659 percussus
486 3581 541 3639 est.
587 3575 708 3648 Quibus
733 3579 824 3641 rebus
854 3576 1000 3639 confectis
1029 3579 1125 3657 vulgo
1155 3579 1199 3641 ad
