<?xml version="1.0" encoding="UTF-8"?>
<!DOCTYPE html PUBLIC "-//W3C//DTD XHTML 1.0 Transitional//EN"
    "http://www.w3.org/TR/xhtml1/DTD/xhtml1-transitional.dtd">
<html xmlns="http://www.w3.org/1999/xhtml" xml:lang="en" lang="en">
 <head>
  <title>
</title>
<meta http-equiv="Content-Type" content="text/html;charset=utf-8" />
  <meta name='ocr-system' content='tesseract 3.04.00' />
  <meta name='ocr-capabilities' content='ocr_page ocr_carea ocr_par ocr_line ocrx_word'/>
</head>
<body>
  <div class='ocr_page' id='page_1' title='image "./liberdeexcelben00nepogoog_0053.png"; bbox 0 0 2504 4080; ppageno 0'>
   <div class='ocr_carea' id='block_1_1' title="bbox 175 217 827 285">
    <p class='ocr_par' dir='ltr' id='par_1_1' title="bbox 175 217 827 285">
     <span class='ocr_line' id='line_1_1' title="bbox 175 217 827 285; baseline -0.009 0"><span class='ocrx_word' id='word_1_1' title='bbox 175 217 217 285; x_wconf 87' lang='grc'><strong>28</strong></span> <span class='ocrx_word' id='word_1_2' title='bbox 504 219 558 281; x_wconf 85' lang='lat' dir='ltr'><strong>IV.</strong></span> <span class='ocrx_word' id='word_1_3' title='bbox 582 218 827 283; x_wconf 81' lang='lat' dir='ltr'><strong>PAUSANIAS.</strong></span> 
     </span>
    </p>
   </div>
   <div class='ocr_carea' id='block_1_2' title="bbox 55 389 1166 3645">
    <p class='ocr_par' dir='ltr' id='par_1_2' title="bbox 55 389 1166 3645">
     <span class='ocr_line' id='line_1_2' title="bbox 175 389 1163 471; baseline -0.002 -16"><span class='ocrx_word' id='word_1_4' title='bbox 175 397 241 455; x_wconf 91' lang='lat' dir='ltr'><strong>tum</strong></span> <span class='ocrx_word' id='word_1_5' title='bbox 255 392 412 467; x_wconf 89' lang='lat' dir='ltr'><strong>miserunt,</strong></span> <span class='ocrx_word' id='word_1_6' title='bbox 427 393 462 452; x_wconf 92' lang='lat' dir='ltr'><strong>ut</strong></span> <span class='ocrx_word' id='word_1_7' title='bbox 476 411 518 452; x_wconf 81' lang='lat' dir='ltr'><strong>ex</strong></span> <span class='ocrx_word' id='word_1_8' title='bbox 531 391 569 451; x_wconf 90' lang='lat' dir='ltr'><strong>iis</strong></span> <span class='ocrx_word' id='word_1_9' title='bbox 588 392 765 470; x_wconf 82' lang='lat' dir='ltr'><strong>regionibus</strong></span> <span class='ocrx_word' id='word_1_10' title='bbox 786 390 939 471; x_wconf 88' lang='lat' dir='ltr'><strong>praesidia</strong></span> <span class='ocrx_word' id='word_1_11' title='bbox 959 389 1163 453; x_wconf 89' lang='lat' dir='ltr'><strong>barbarorum</strong></span> 
     </span>
     <span class='ocr_line' id='line_1_3' title="bbox 175 476 1164 560; baseline -0.004 -19"><span class='ocrx_word' id='word_1_12' title='bbox 175 478 351 560; x_wconf 88' lang='lat' dir='ltr'><strong>depelleret</strong></span> <span class='ocrx_word' id='word_1_13' title='bbox 389 477 460 540; x_wconf 89' lang='lat' dir='ltr'><strong>Pari</strong></span> <span class='ocrx_word' id='word_1_14' title='bbox 476 477 623 539; x_wconf 81' lang='lat' dir='ltr'><strong>felicitate</strong></span> <span class='ocrx_word' id='word_1_15' title='bbox 637 477 669 537; x_wconf 92' lang='lat' dir='ltr'><strong>in</strong></span> <span class='ocrx_word' id='word_1_16' title='bbox 683 496 720 538; x_wconf 88' lang='lat' dir='ltr'><strong>ea</strong></span> <span class='ocrx_word' id='word_1_17' title='bbox 734 497 769 537; x_wconf 89' lang='lat' dir='ltr'><strong>re</strong></span> <span class='ocrx_word' id='word_1_18' title='bbox 783 497 857 538; x_wconf 87' lang='lat' dir='ltr'><strong>usus</strong></span> <span class='ocrx_word' id='word_1_19' title='bbox 873 476 985 538; x_wconf 89' lang='lat' dir='ltr'><strong>elatius</strong></span> <span class='ocrx_word' id='word_1_20' title='bbox 1000 496 1035 538; x_wconf 91' lang='lat' dir='ltr'><strong>se</strong></span> <span class='ocrx_word' id='word_1_21' title='bbox 1049 496 1164 556; x_wconf 86' lang='lat' dir='ltr'><strong>gerere</strong></span> 
     </span>
     <span class='ocr_line' id='line_1_4' title="bbox 176 560 1162 645; baseline -0.001 -20"><span class='ocrx_word' id='word_1_22' title='bbox 176 563 277 645; x_wconf 88' lang='lat' dir='ltr'><strong>eoepit</strong></span> <span class='ocrx_word' id='word_1_23' title='bbox 289 563 480 644; x_wconf 89' lang='lat' dir='ltr'><strong>maioresque</strong></span> <span class='ocrx_word' id='word_1_24' title='bbox 494 566 637 645; x_wconf 87' lang='lat' dir='ltr'><strong>appetere</strong></span> <span class='ocrx_word' id='word_1_25' title='bbox 651 582 710 624; x_wconf 87' lang='lat' dir='ltr'><strong>res.</strong></span> <span class='ocrx_word' id='word_1_26' title='bbox 754 562 835 625; x_wconf 83' lang='lat' dir='ltr'><strong>Nam</strong></span> <span class='ocrx_word' id='word_1_27' title='bbox 854 581 925 625; x_wconf 91' lang='lat' dir='ltr'><strong>cum</strong></span> <span class='ocrx_word' id='word_1_28' title='bbox 939 560 1093 644; x_wconf 79' lang='lat' dir='ltr'><strong>Byzantio</strong></span> <span class='ocrx_word' id='word_1_29' title='bbox 1108 583 1162 624; x_wconf 86' lang='lat' dir='ltr'><strong>ex·</strong></span> 
     </span>
     <span class='ocr_line' id='line_1_5' title="bbox 175 648 1162 732; baseline -0.002 -21"><span class='ocrx_word' id='word_1_30' title='bbox 175 652 311 732; x_wconf 88' lang='lat' dir='ltr'><strong>pugnato</strong></span> <span class='ocrx_word' id='word_1_31' title='bbox 334 650 506 732; x_wconf 84' lang='lat' dir='ltr'><strong>complures</strong></span> <span class='ocrx_word' id='word_1_32' title='bbox 526 649 690 711; x_wconf 78' lang='lat' dir='ltr'><strong>Persarum</strong></span> <span class='ocrx_word' id='word_1_33' title='bbox 719 649 836 711; x_wconf 93' lang='lat' dir='ltr'><strong>nobiles</strong></span> <span class='ocrx_word' id='word_1_34' title='bbox 858 648 991 729; x_wconf 84' lang='lat' dir='ltr'><strong>cepisset</strong></span> <span class='ocrx_word' id='word_1_35' title='bbox 1013 651 1106 727; x_wconf 86' lang='lat' dir='ltr'><strong>atque</strong></span> <span class='ocrx_word' id='word_1_36' title='bbox 1129 649 1162 709; x_wconf 91' lang='lat' dir='ltr'><strong>in</strong></span> 
     </span>
     <span class='ocr_line' id='line_1_6' title="bbox 132 733 1164 817; baseline -0.007 -15"><span class='ocrx_word' id='word_1_37' title='bbox 132 736 154 802; x_wconf 77' lang='grc' dir='ltr'><em>ὃ</em></span> <span class='ocrx_word' id='word_1_38' title='bbox 175 735 225 797; x_wconf 91' lang='lat' dir='ltr'><strong>his</strong></span> <span class='ocrx_word' id='word_1_39' title='bbox 250 736 409 798; x_wconf 90' lang='lat' dir='ltr'><strong>nonnullos</strong></span> <span class='ocrx_word' id='word_1_40' title='bbox 432 735 516 817; x_wconf 88' lang='lat' dir='ltr'><strong>regis</strong></span> <span class='ocrx_word' id='word_1_41' title='bbox 536 736 736 816; x_wconf 90' lang='lat' dir='ltr'><strong>propinquos,</strong></span> <span class='ocrx_word' id='word_1_42' title='bbox 751 735 814 797; x_wconf 89' lang='lat' dir='ltr'><strong>·hos</strong></span> <span class='ocrx_word' id='word_1_43' title='bbox 829 734 908 795; x_wconf 91' lang='lat' dir='ltr'><strong>olam</strong></span> <span class='ocrx_word' id='word_1_44' title='bbox 923 733 1027 796; x_wconf 83' lang='lat' dir='ltr'><strong>Xerxi</strong></span> <span class='ocrx_word' id='word_1_45' title='bbox 1041 733 1164 795; x_wconf 75' lang='lat' dir='ltr'><strong>remisit</strong></span> 
     </span>
     <span class='ocr_line' id='line_1_7' title="bbox 175 816 1163 901; baseline -0.002 -18"><span class='ocrx_word' id='word_1_46' title='bbox 175 821 322 885; x_wconf 88' lang='lat' dir='ltr'><strong>simulans</strong></span> <span class='ocrx_word' id='word_1_47' title='bbox 334 841 375 883; x_wconf 85' lang='lat' dir='ltr'><strong>ex</strong></span> <span class='ocrx_word' id='word_1_48' title='bbox 388 821 500 882; x_wconf 84' lang='lat' dir='ltr'><strong>vinclis</strong></span> <span class='ocrx_word' id='word_1_49' title='bbox 513 821 644 901; x_wconf 91' lang='lat' dir='ltr'><strong>publicis</strong></span> <span class='ocrx_word' id='word_1_50' title='bbox 659 840 711 882; x_wconf 93' lang='lat' dir='ltr'><strong>eos</strong></span> <span class='ocrx_word' id='word_1_51' title='bbox 727 820 878 900; x_wconf 86' lang='lat' dir='ltr'><strong>effugisse,</strong></span> <span class='ocrx_word' id='word_1_52' title='bbox 894 823 1007 882; x_wconf 90' lang='lat' dir='ltr'><strong>etcum</strong></span> <span class='ocrx_word' id='word_1_53' title='bbox 1018 819 1066 881; x_wconf 92' lang='lat' dir='ltr'><strong>his</strong></span> <span class='ocrx_word' id='word_1_54' title='bbox 1080 816 1163 882; x_wconf 87' lang='lat' dir='ltr'><strong>Gon·</strong></span> 
     </span>
     <span class='ocr_line' id='line_1_8' title="bbox 55 905 1162 991; baseline -0.005 -20"><span class='ocrx_word' id='word_1_55' title='bbox 55 984 58 991; x_wconf 23' lang='lat'><em>7</em></span> <span class='ocrx_word' id='word_1_56' title='bbox 176 908 285 989; x_wconf 91' lang='lat' dir='ltr'><strong>gylum</strong></span> <span class='ocrx_word' id='word_1_57' title='bbox 305 906 527 980; x_wconf 88' lang='lat' dir='ltr'><strong>Eretriensem,</strong></span> <span class='ocrx_word' id='word_1_58' title='bbox 552 907 603 986; x_wconf 89' lang='lat' dir='ltr'><strong>qui</strong></span> <span class='ocrx_word' id='word_1_59' title='bbox 618 905 723 967; x_wconf 86' lang='lat' dir='ltr'><strong>literas</strong></span> <span class='ocrx_word' id='word_1_60' title='bbox 744 907 811 986; x_wconf 88' lang='lat' dir='ltr'><strong>regi</strong></span> <span class='ocrx_word' id='word_1_61' title='bbox 833 906 986 981; x_wconf 89' lang='lat' dir='ltr'><strong>redderet,</strong></span> <span class='ocrx_word' id='word_1_62' title='bbox 1003 905 1036 966; x_wconf 91' lang='lat' dir='ltr'><strong>in</strong></span> <span class='ocrx_word' id='word_1_63' title='bbox 1051 905 1162 985; x_wconf 88' lang='lat' dir='ltr'><strong>quibus</strong></span> 
     </span>
     <span class='ocr_line' id='line_1_9' title="bbox 176 991 1162 1074; baseline -0.004 -18"><span class='ocrx_word' id='word_1_64' title='bbox 176 994 252 1056; x_wconf 87' lang='lat' dir='ltr'><strong>haec</strong></span> <span class='ocrx_word' id='word_1_65' title='bbox 266 994 361 1055; x_wconf 80' lang='lat' dir='ltr'><strong>luisse</strong></span> <span class='ocrx_word' id='word_1_66' title='bbox 375 992 491 1072; x_wconf 89' lang='lat' dir='ltr'><strong>scripta</strong></span> <span class='ocrx_word' id='word_1_67' title='bbox 505 991 700 1072; x_wconf 76' lang='lat' dir='ltr'><strong>Thucydides</strong></span> <span class='ocrx_word' id='word_1_68' title='bbox 715 993 880 1053; x_wconf 87' lang='lat' dir='ltr'><strong>memoriae</strong></span> <span class='ocrx_word' id='word_1_69' title='bbox 894 991 1043 1074; x_wconf 83' lang='lat' dir='ltr'><strong>prodidit:</strong></span> <span class='ocrx_word' id='word_1_70' title='bbox 1064 991 1162 1054; x_wconf 87' lang='lat' dir='ltr'><strong>Pau·</strong></span> 
     </span>
     <span class='ocr_line' id='line_1_10' title="bbox 177 1075 1160 1159; baseline -0.002 -19"><span class='ocrx_word' id='word_1_71' title='bbox 177 1079 322 1152; x_wconf 86' lang='lat' dir='ltr'><strong>sanias,</strong></span> <span class='ocrx_word' id='word_1_72' title='bbox 349 1078 428 1137; x_wconf 86' lang='lat' dir='ltr'><strong>dux</strong></span> <span class='ocrx_word' id='word_1_73' title='bbox 459 1075 637 1158; x_wconf 75' lang='lat' dir='ltr'><strong>Spartae,</strong></span> <span class='ocrx_word' id='word_1_74' title='bbox 674 1097 765 1159; x_wconf 87' lang='lat' dir='ltr'><strong>quos</strong></span> <span class='ocrx_word' id='word_1_75' title='bbox 791 1077 958 1158; x_wconf 77' lang='lat' dir='ltr'><strong>Byzanti</strong></span> <span class='ocrx_word' id='word_1_76' title='bbox 985 1082 1160 1158; x_wconf 81' lang='lat' dir='ltr'><strong>ceperat,</strong></span> 
     </span>
     <span class='ocr_line' id='line_1_11' title="bbox 113 1162 1160 1246; baseline -0.004 -20"><span class='ocrx_word' id='word_1_77' title='bbox 113 1165 155 1230; x_wconf 92' lang='lat'><strong>10</strong></span> <span class='ocrx_word' id='word_1_78' title='bbox 177 1168 374 1246; x_wconf 90' lang='lat' dir='ltr'><strong>postquam</strong></span> <span class='ocrx_word' id='word_1_79' title='bbox 397 1162 633 1244; x_wconf 78' lang='lat' dir='ltr'><strong>propinquos</strong></span> <span class='ocrx_word' id='word_1_80' title='bbox 655 1169 742 1226; x_wconf 89' lang='lat' dir='ltr'><strong>tuos</strong></span> <span class='ocrx_word' id='word_1_81' title='bbox 764 1163 964 1242; x_wconf 78' lang='lat' dir='ltr'><strong>cognovit,</strong></span> <span class='ocrx_word' id='word_1_82' title='bbox 987 1162 1062 1224; x_wconf 92' lang='lat' dir='ltr'><strong>tibi</strong></span> <span class='ocrx_word' id='word_1_83' title='bbox 1083 1182 1160 1223; x_wconf 89' lang='lat' dir='ltr'><strong>mu·</strong></span> 
     </span>
     <span class='ocr_line' id='line_1_12' title="bbox 176 1248 1161 1329; baseline -0.003 -18"><span class='ocrx_word' id='word_1_84' title='bbox 176 1249 261 1311; x_wconf 88' lang='lat' dir='ltr'><strong>neri</strong></span> <span class='ocrx_word' id='word_1_85' title='bbox 290 1248 399 1309; x_wconf 89' lang='lat' dir='ltr'><strong>misit</strong></span> <span class='ocrx_word' id='word_1_86' title='bbox 427 1267 543 1329; x_wconf 90' lang='lat' dir='ltr'><strong>seque</strong></span> <span class='ocrx_word' id='word_1_87' title='bbox 572 1251 695 1309; x_wconf 91' lang='lat' dir='ltr'><strong>tecum</strong></span> <span class='ocrx_word' id='word_1_88' title='bbox 724 1249 934 1311; x_wconf 82' lang='lat' dir='ltr'><strong>affinitate</strong></span> <span class='ocrx_word' id='word_1_89' title='bbox 969 1248 1161 1328; x_wconf 88' lang='lat' dir='ltr'><strong>coniungi</strong></span> 
     </span>
     <span class='ocr_line' id='line_1_13' title="bbox 177 1332 1162 1415; baseline 0 -20"><span class='ocrx_word' id='word_1_90' title='bbox 177 1332 290 1415; x_wconf 89' lang='lat' dir='ltr'><strong>eupit.</strong></span> <span class='ocrx_word' id='word_1_91' title='bbox 335 1333 482 1411; x_wconf 76' lang='lat' dir='ltr'><strong>Quare,</strong></span> <span class='ocrx_word' id='word_1_92' title='bbox 511 1335 546 1394; x_wconf 90' lang='lat' dir='ltr'><strong>si</strong></span> <span class='ocrx_word' id='word_1_93' title='bbox 571 1334 644 1396; x_wconf 89' lang='lat' dir='ltr'><strong>tibi</strong></span> <span class='ocrx_word' id='word_1_94' title='bbox 672 1334 846 1409; x_wconf 81' lang='lat' dir='ltr'><strong>videtur,</strong></span> <span class='ocrx_word' id='word_1_95' title='bbox 877 1336 942 1396; x_wconf 90' lang='lat' dir='ltr'><strong>des</strong></span> <span class='ocrx_word' id='word_1_96' title='bbox 968 1334 1004 1395; x_wconf 92' lang='lat' dir='ltr'><strong>ei</strong></span> <span class='ocrx_word' id='word_1_97' title='bbox 1033 1334 1162 1395; x_wconf 88' lang='lat' dir='ltr'><strong>filiam</strong></span> 
     </span>
     <span class='ocr_line' id='line_1_14' title="bbox 176 1419 1163 1501; baseline -0.001 -20"><span class='ocrx_word' id='word_1_98' title='bbox 176 1421 278 1481; x_wconf 88' lang='lat' dir='ltr'><strong>tuam</strong></span> <span class='ocrx_word' id='word_1_99' title='bbox 307 1424 474 1501; x_wconf 90' lang='lat' dir='ltr'><strong>nuptum.</strong></span> <span class='ocrx_word' id='word_1_100' title='bbox 518 1420 563 1481; x_wconf 92' lang='lat' dir='ltr'><strong>Id</strong></span> <span class='ocrx_word' id='word_1_101' title='bbox 593 1419 625 1480; x_wconf 93' lang='lat' dir='ltr'><strong>si</strong></span> <span class='ocrx_word' id='word_1_102' title='bbox 654 1420 813 1496; x_wconf 88' lang='lat' dir='ltr'><strong>feceris,</strong></span> <span class='ocrx_word' id='word_1_103' title='bbox 844 1423 886 1481; x_wconf 89' lang='lat' dir='ltr'><strong>et</strong></span> <span class='ocrx_word' id='word_1_104' title='bbox 911 1419 1093 1500; x_wconf 82' lang='lat' dir='ltr'><strong>Spartam</strong></span> <span class='ocrx_word' id='word_1_105' title='bbox 1123 1424 1163 1481; x_wconf 90' lang='lat' dir='ltr'><strong>et</strong></span> 
     </span>
     <span class='ocr_line' id='line_1_15' title="bbox 177 1503 1162 1587; baseline 0 -20"><span class='ocrx_word' id='word_1_106' title='bbox 177 1507 341 1567; x_wconf 87' lang='lat' dir='ltr'><strong>ceteram</strong></span> <span class='ocrx_word' id='word_1_107' title='bbox 357 1503 556 1568; x_wconf 82' lang='lat' dir='ltr'><strong>Graeciam</strong></span> <span class='ocrx_word' id='word_1_108' title='bbox 582 1513 622 1569; x_wconf 91' lang='lat' dir='ltr'><strong>te</strong></span> <span class='ocrx_word' id='word_1_109' title='bbox 645 1506 857 1568; x_wconf 83' lang='lat' dir='ltr'><strong>adiuvante</strong></span> <span class='ocrx_word' id='word_1_110' title='bbox 878 1507 948 1568; x_wconf 90' lang='lat' dir='ltr'><strong>sub</strong></span> <span class='ocrx_word' id='word_1_111' title='bbox 968 1510 1071 1568; x_wconf 88' lang='lat' dir='ltr'><strong>tuam</strong></span> <span class='ocrx_word' id='word_1_112' title='bbox 1093 1525 1162 1587; x_wconf 92' lang='lat' dir='ltr'><strong>po·</strong></span> 
     </span>
     <span class='ocr_line' id='line_1_16' title="bbox 113 1590 1162 1673; baseline -0.003 -19"><span class='ocrx_word' id='word_1_113' title='bbox 113 1590 155 1656; x_wconf 80' lang='lat'><strong>15</strong></span> <span class='ocrx_word' id='word_1_114' title='bbox 177 1593 357 1653; x_wconf 88' lang='lat' dir='ltr'><strong>testatem</strong></span> <span class='ocrx_word' id='word_1_115' title='bbox 383 1612 421 1654; x_wconf 90' lang='lat' dir='ltr'><strong>se</strong></span> <span class='ocrx_word' id='word_1_116' title='bbox 445 1593 697 1669; x_wconf 87' lang='lat' dir='ltr'><strong>redacturum</strong></span> <span class='ocrx_word' id='word_1_117' title='bbox 727 1592 958 1673; x_wconf 90' lang='lat' dir='ltr'><strong>pollicetur.</strong></span> <span class='ocrx_word' id='word_1_118' title='bbox 1014 1590 1085 1651; x_wconf 88' lang='lat' dir='ltr'><strong>His</strong></span> <span class='ocrx_word' id='word_1_119' title='bbox 1115 1592 1162 1652; x_wconf 92' lang='lat' dir='ltr'><strong>de</strong></span> 
     </span>
     <span class='ocr_line' id='line_1_17' title="bbox 176 1676 1162 1756; baseline 0.001 -19"><span class='ocrx_word' id='word_1_120' title='bbox 176 1676 548 1756; x_wconf 86' lang='lat' dir='ltr'><strong>rebussiquidgeri</strong></span> <span class='ocrx_word' id='word_1_121' title='bbox 568 1678 760 1753; x_wconf 83' lang='lat' dir='ltr'><strong>volueris,</strong></span> <span class='ocrx_word' id='word_1_122' title='bbox 786 1683 938 1739; x_wconf 89' lang='lat' dir='ltr'><strong>eertum</strong></span> <span class='ocrx_word' id='word_1_123' title='bbox 960 1676 1162 1738; x_wconf 90' lang='lat' dir='ltr'><strong>hominem</strong></span> 
     </span>
     <span class='ocr_line' id='line_1_18' title="bbox 176 1760 1162 1844; baseline 0.001 -22"><span class='ocrx_word' id='word_1_124' title='bbox 176 1761 220 1823; x_wconf 89' lang='lat' dir='ltr'><strong>ad</strong></span> <span class='ocrx_word' id='word_1_125' title='bbox 244 1780 348 1823; x_wconf 85' lang='lat' dir='ltr'><strong>mare</strong></span> <span class='ocrx_word' id='word_1_126' title='bbox 377 1760 504 1823; x_wconf 90' lang='lat' dir='ltr'><strong>mittas</strong></span> <span class='ocrx_word' id='word_1_127' title='bbox 540 1762 616 1838; x_wconf 86' lang='lat' dir='ltr'><strong>fao,</strong></span> <span class='ocrx_word' id='word_1_128' title='bbox 653 1782 720 1844; x_wconf 88' lang='lat' dir='ltr'><strong>per</strong></span> <span class='ocrx_word' id='word_1_129' title='bbox 748 1782 857 1842; x_wconf 91' lang='lat' dir='ltr'><strong>quern</strong></span> <span class='ocrx_word' id='word_1_130' title='bbox 886 1765 925 1824; x_wconf 92' lang='lat' dir='ltr'><strong>in</strong></span> <span class='ocrx_word' id='word_1_131' title='bbox 954 1765 1162 1843; x_wconf 87' lang='lat' dir='ltr'><strong>posterum</strong></span> 
     </span>
     <span class='ocr_line' id='line_1_19' title="bbox 177 1845 456 1926; baseline -0.004 -18"><span class='ocrx_word' id='word_1_132' title='bbox 177 1845 456 1926; x_wconf 90' lang='lat' dir='ltr'><strong>colloquamur.</strong></span> 
     </span>
     <span class='ocr_line' id='line_1_20' title="bbox 101 1931 1163 2013; baseline -0.004 -14"><span class='ocrx_word' id='word_1_133' title='bbox 101 1934 155 1999; x_wconf 88' lang='lat'><strong>111</strong></span> <span class='ocrx_word' id='word_1_134' title='bbox 260 1931 329 1994; x_wconf 85' lang='lat' dir='ltr'><strong>Rex</strong></span> <span class='ocrx_word' id='word_1_135' title='bbox 354 1934 399 2013; x_wconf 91' lang='lat' dir='ltr'><strong>tot</strong></span> <span class='ocrx_word' id='word_1_136' title='bbox 432 1931 588 1995; x_wconf 89' lang='lat' dir='ltr'><strong>hominum</strong></span> <span class='ocrx_word' id='word_1_137' title='bbox 618 1934 717 1995; x_wconf 87' lang='lat' dir='ltr'><strong>salute</strong></span> <span class='ocrx_word' id='word_1_138' title='bbox 744 1941 808 1996; x_wconf 86' lang='lat' dir='ltr'><strong>tam</strong></span> <span class='ocrx_word' id='word_1_139' title='bbox 833 1935 893 1996; x_wconf 90' lang='lat' dir='ltr'><strong>sibi</strong></span> <span class='ocrx_word' id='word_1_140' title='bbox 920 1933 1163 1996; x_wconf 87' lang='lat' dir='ltr'><strong>necessariorum</strong></span> 
     </span>
     <span class='ocr_line' id='line_1_21' title="bbox 112 2017 1165 2100; baseline -0.003 -17"><span class='ocrx_word' id='word_1_141' title='bbox 112 2017 156 2083; x_wconf 80' lang='lat'><strong>20</strong></span> <span class='ocrx_word' id='word_1_142' title='bbox 177 2036 363 2100; x_wconf 86' lang='lat' dir='ltr'><strong>magnopere</strong></span> <span class='ocrx_word' id='word_1_143' title='bbox 388 2017 516 2097; x_wconf 81' lang='lat' dir='ltr'><strong>gavisus</strong></span> <span class='ocrx_word' id='word_1_144' title='bbox 541 2038 597 2100; x_wconf 89' lang='lat' dir='ltr'><strong>per</strong></span> <span class='ocrx_word' id='word_1_145' title='bbox 625 2018 826 2096; x_wconf 81' lang='lat' dir='ltr'><strong>Artabazum,</strong></span> <span class='ocrx_word' id='word_1_146' title='bbox 861 2040 952 2100; x_wconf 90' lang='lat' dir='ltr'><strong>quem</strong></span> <span class='ocrx_word' id='word_1_147' title='bbox 977 2020 1009 2080; x_wconf 94' lang='lat' dir='ltr'><strong>in</strong></span> <span class='ocrx_word' id='word_1_148' title='bbox 1035 2019 1165 2098; x_wconf 87' lang='lat' dir='ltr'><strong>regione</strong></span> 
     </span>
     <span class='ocr_line' id='line_1_22' title="bbox 177 2104 1164 2186; baseline 0 -18"><span class='ocrx_word' id='word_1_149' title='bbox 177 2104 331 2168; x_wconf 85' lang='lat' dir='ltr'><strong>maritima</strong></span> <span class='ocrx_word' id='word_1_150' title='bbox 343 2104 381 2167; x_wconf 86' lang='lat' dir='ltr'><strong>ad</strong></span> <span class='ocrx_word' id='word_1_151' title='bbox 397 2104 615 2185; x_wconf 90' lang='lat' dir='ltr'><strong>Propontidem</strong></span> <span class='ocrx_word' id='word_1_152' title='bbox 629 2108 783 2186; x_wconf 84' lang='lat' dir='ltr'><strong>satrapam</strong></span> <span class='ocrx_word' id='word_1_153' title='bbox 798 2105 983 2181; x_wconf 84' lang='lat' dir='ltr'><strong>instituerat,</strong></span> <span class='ocrx_word' id='word_1_154' title='bbox 1000 2105 1108 2167; x_wconf 91' lang='lat' dir='ltr'><strong>literas</strong></span> <span class='ocrx_word' id='word_1_155' title='bbox 1123 2105 1164 2168; x_wconf 89' lang='lat' dir='ltr'><strong>ad</strong></span> 
     </span>
     <span class='ocr_line' id='line_1_23' title="bbox 178 2189 1166 2272; baseline 0.002 -21"><span class='ocrx_word' id='word_1_156' title='bbox 178 2208 248 2251; x_wconf 90' lang='lat' dir='ltr'><strong>eum</strong></span> <span class='ocrx_word' id='word_1_157' title='bbox 263 2190 356 2264; x_wconf 90' lang='lat' dir='ltr'><strong>misit,</strong></span> <span class='ocrx_word' id='word_1_158' title='bbox 373 2189 483 2270; x_wconf 90' lang='lat' dir='ltr'><strong>quibus</strong></span> <span class='ocrx_word' id='word_1_159' title='bbox 498 2189 526 2252; x_wconf 90' lang='lat' dir='ltr'><strong>ei</strong></span> <span class='ocrx_word' id='word_1_160' title='bbox 541 2190 657 2270; x_wconf 78' lang='lat' dir='ltr'><strong>gratias</strong></span> <span class='ocrx_word' id='word_1_161' title='bbox 673 2191 738 2272; x_wconf 89' lang='lat' dir='ltr'><strong>egit</strong></span> <span class='ocrx_word' id='word_1_162' title='bbox 752 2210 881 2272; x_wconf 90' lang='lat' dir='ltr'><strong>eumque</strong></span> <span class='ocrx_word' id='word_1_163' title='bbox 896 2193 1034 2253; x_wconf 89' lang='lat' dir='ltr'><strong>hortatus</strong></span> <span class='ocrx_word' id='word_1_164' title='bbox 1049 2193 1107 2268; x_wconf 90' lang='lat' dir='ltr'><strong>est,</strong></span> <span class='ocrx_word' id='word_1_165' title='bbox 1122 2211 1166 2253; x_wconf 92' lang='lat' dir='ltr'><strong>ne</strong></span> 
     </span>
     <span class='ocr_line' id='line_1_24' title="bbox 178 2274 1163 2358; baseline 0.003 -23"><span class='ocrx_word' id='word_1_166' title='bbox 178 2274 228 2335; x_wconf 90' lang='lat' dir='ltr'><strong>oui</strong></span> <span class='ocrx_word' id='word_1_167' title='bbox 248 2274 293 2336; x_wconf 90' lang='lat' dir='ltr'><strong>rei</strong></span> <span class='ocrx_word' id='word_1_168' title='bbox 313 2279 453 2355; x_wconf 87' lang='lat' dir='ltr'><strong>parceret</strong></span> <span class='ocrx_word' id='word_1_169' title='bbox 471 2276 512 2337; x_wconf 89' lang='lat' dir='ltr'><strong>ad</strong></span> <span class='ocrx_word' id='word_1_170' title='bbox 531 2276 691 2340; x_wconf 87' lang='lat' dir='ltr'><strong>efficienda</strong></span> <span class='ocrx_word' id='word_1_171' title='bbox 712 2297 763 2354; x_wconf 91' lang='lat' dir='ltr'><strong>ea,</strong></span> <span class='ocrx_word' id='word_1_172' title='bbox 790 2297 869 2358; x_wconf 87' lang='lat' dir='ltr'><strong>quae</strong></span> <span class='ocrx_word' id='word_1_173' title='bbox 890 2278 1046 2358; x_wconf 89' lang='lat' dir='ltr'><strong>pollicitus</strong></span> <span class='ocrx_word' id='word_1_174' title='bbox 1070 2284 1163 2339; x_wconf 87' lang='lat' dir='ltr'><strong>esset.</strong></span> 
     </span>
     <span class='ocr_line' id='line_1_25' title="bbox 177 2355 1165 2442; baseline 0.002 -20"><span class='ocrx_word' id='word_1_175' title='bbox 177 2355 225 2422; x_wconf 89' lang='lat' dir='ltr'><strong>De</strong></span> <span class='ocrx_word' id='word_1_176' title='bbox 239 2360 448 2423; x_wconf 84' lang='lat' dir='ltr'><strong>communibus</strong></span> <span class='ocrx_word' id='word_1_177' title='bbox 462 2362 554 2425; x_wconf 87' lang='lat' dir='ltr'><strong>rebus</strong></span> <span class='ocrx_word' id='word_1_178' title='bbox 575 2383 643 2424; x_wconf 91' lang='lat' dir='ltr'><strong>oum</strong></span> <span class='ocrx_word' id='word_1_179' title='bbox 658 2364 820 2440; x_wconf 86' lang='lat' dir='ltr'><strong>Artabazo,</strong></span> <span class='ocrx_word' id='word_1_180' title='bbox 837 2364 904 2426; x_wconf 83' lang='lat' dir='ltr'><strong>viro</strong></span> <span class='ocrx_word' id='word_1_181' title='bbox 928 2366 1066 2437; x_wconf 84' lang='lat' dir='ltr'><strong>strenuo,</strong></span> <span class='ocrx_word' id='word_1_182' title='bbox 1089 2382 1165 2442; x_wconf 88' lang='lat' dir='ltr'><strong>age·</strong></span> 
     </span>
     <span class='ocr_line' id='line_1_26' title="bbox 112 2444 1165 2528; baseline 0.003 -21"><span class='ocrx_word' id='word_1_183' title='bbox 112 2444 156 2513; x_wconf 80' lang='lat'><strong>25</strong></span> <span class='ocrx_word' id='word_1_184' title='bbox 177 2448 233 2522; x_wconf 90' lang='lat' dir='ltr'><strong>ret,</strong></span> <span class='ocrx_word' id='word_1_185' title='bbox 248 2449 284 2507; x_wconf 89' lang='lat' dir='ltr'><strong>ut</strong></span> <span class='ocrx_word' id='word_1_186' title='bbox 297 2445 417 2526; x_wconf 90' lang='lat' dir='ltr'><strong>utrique</strong></span> <span class='ocrx_word' id='word_1_187' title='bbox 432 2448 581 2528; x_wconf 87' lang='lat' dir='ltr'><strong>optimum</strong></span> <span class='ocrx_word' id='word_1_188' title='bbox 596 2469 663 2510; x_wconf 86' lang='lat' dir='ltr'><strong>esse</strong></span> <span class='ocrx_word' id='word_1_189' title='bbox 680 2450 846 2511; x_wconf 83' lang='lat' dir='ltr'><strong>videretur.</strong></span> <span class='ocrx_word' id='word_1_190' title='bbox 880 2448 982 2511; x_wconf 89' lang='lat' dir='ltr'><strong>Huius</strong></span> <span class='ocrx_word' id='word_1_191' title='bbox 992 2448 1165 2510; x_wconf 86' lang='lat' dir='ltr'><strong>Pausanias</strong></span> 
     </span>
     <span class='ocr_line' id='line_1_27' title="bbox 176 2531 1166 2615; baseline 0.002 -21"><span class='ocrx_word' id='word_1_192' title='bbox 176 2531 335 2594; x_wconf 82' lang='lat' dir='ltr'><strong>voluntate</strong></span> <span class='ocrx_word' id='word_1_193' title='bbox 360 2533 483 2614; x_wconf 86' lang='lat' dir='ltr'><strong>cognita</strong></span> <span class='ocrx_word' id='word_1_194' title='bbox 508 2534 638 2596; x_wconf 88' lang='lat' dir='ltr'><strong>alacrior</strong></span> <span class='ocrx_word' id='word_1_195' title='bbox 664 2536 704 2596; x_wconf 90' lang='lat' dir='ltr'><strong>ad</strong></span> <span class='ocrx_word' id='word_1_196' title='bbox 726 2555 793 2597; x_wconf 89' lang='lat' dir='ltr'><strong>rem</strong></span> <span class='ocrx_word' id='word_1_197' title='bbox 813 2535 981 2615; x_wconf 88' lang='lat' dir='ltr'><strong>gerendam</strong></span> <span class='ocrx_word' id='word_1_198' title='bbox 1003 2535 1103 2596; x_wconf 86' lang='lat' dir='ltr'><strong>factus</strong></span> <span class='ocrx_word' id='word_1_199' title='bbox 1130 2538 1166 2596; x_wconf 90' lang='lat' dir='ltr'><strong>et</strong></span> 
     </span>
     <span class='ocr_line' id='line_1_28' title="bbox 177 2616 1164 2702; baseline 0.003 -24"><span class='ocrx_word' id='word_1_200' title='bbox 177 2616 269 2679; x_wconf 88' lang='lat' dir='ltr'><strong>simul</strong></span> <span class='ocrx_word' id='word_1_201' title='bbox 288 2618 388 2680; x_wconf 90' lang='lat' dir='ltr'><strong>elatus</strong></span> <span class='ocrx_word' id='word_1_202' title='bbox 410 2637 469 2681; x_wconf 92' lang='lat' dir='ltr'><strong>non</strong></span> <span class='ocrx_word' id='word_1_203' title='bbox 492 2639 592 2681; x_wconf 91' lang='lat' dir='ltr'><strong>mores</strong></span> <span class='ocrx_word' id='word_1_204' title='bbox 606 2621 722 2702; x_wconf 87' lang='lat' dir='ltr'><strong>patrios</strong></span> <span class='ocrx_word' id='word_1_205' title='bbox 737 2621 845 2697; x_wconf 91' lang='lat' dir='ltr'><strong>solum,</strong></span> <span class='ocrx_word' id='word_1_206' title='bbox 868 2621 1028 2682; x_wconf 90' lang='lat' dir='ltr'><strong>sedetiam</strong></span> <span class='ocrx_word' id='word_1_207' title='bbox 1044 2620 1164 2682; x_wconf 91' lang='lat' dir='ltr'><strong>cultum</strong></span> 
     </span>
     <span class='ocr_line' id='line_1_29' title="bbox 176 2702 1166 2789; baseline 0.003 -25"><span class='ocrx_word' id='word_1_208' title='bbox 176 2702 383 2785; x_wconf 85' lang='lat' dir='ltr'><strong>vestitumque</strong></span> <span class='ocrx_word' id='word_1_209' title='bbox 405 2706 545 2767; x_wconf 76' lang='lat' dir='ltr'><strong>mutavit.</strong></span> <span class='ocrx_word' id='word_1_210' title='bbox 599 2708 761 2789; x_wconf 90' lang='lat' dir='ltr'><strong>Apparatn</strong></span> <span class='ocrx_word' id='word_1_211' title='bbox 783 2707 869 2787; x_wconf 89' lang='lat' dir='ltr'><strong>regio</strong></span> <span class='ocrx_word' id='word_1_212' title='bbox 895 2707 1048 2780; x_wconf 88' lang='lat' dir='ltr'><strong>utebatur,</strong></span> <span class='ocrx_word' id='word_1_213' title='bbox 1074 2714 1166 2767; x_wconf 81' lang='lat' dir='ltr'><strong>veste</strong></span> 
     </span>
     <span class='ocr_line' id='line_1_30' title="bbox 178 2787 1164 2874; baseline 0.002 -24"><span class='ocrx_word' id='word_1_214' title='bbox 178 2787 314 2865; x_wconf 84' lang='lat' dir='ltr'><strong>Medica3</strong></span> <span class='ocrx_word' id='word_1_215' title='bbox 337 2791 486 2853; x_wconf 79' lang='lat' dir='ltr'><strong>satellites</strong></span> <span class='ocrx_word' id='word_1_216' title='bbox 500 2791 585 2854; x_wconf 90' lang='lat' dir='ltr'><strong>Medi</strong></span> <span class='ocrx_word' id='word_1_217' title='bbox 608 2797 639 2855; x_wconf 92' lang='lat' dir='ltr'><strong>et</strong></span> <span class='ocrx_word' id='word_1_218' title='bbox 660 2792 811 2874; x_wconf 84' lang='lat' dir='ltr'><strong>Aegyptii</strong></span> <span class='ocrx_word' id='word_1_219' title='bbox 835 2811 905 2853; x_wconf 91' lang='lat' dir='ltr'><strong>eum</strong></span> <span class='ocrx_word' id='word_1_220' title='bbox 927 2812 982 2874; x_wconf 92' lang='lat' dir='ltr'><strong>per</strong></span> <span class='ocrx_word' id='word_1_221' title='bbox 998 2792 1164 2853; x_wconf 84' lang='lat' dir='ltr'><strong>Threciam</strong></span> 
     </span>
     <span class='ocr_line' id='line_1_31' title="bbox 111 2872 1163 2959; baseline -0.003 -18"><span class='ocrx_word' id='word_1_222' title='bbox 111 2872 156 2941; x_wconf 81' lang='lat'><strong>30</strong></span> <span class='ocrx_word' id='word_1_223' title='bbox 177 2873 237 2937; x_wconf 86' lang='lat' dir='ltr'><strong>iter</strong></span> <span class='ocrx_word' id='word_1_224' title='bbox 256 2876 418 2938; x_wconf 81' lang='lat' dir='ltr'><strong>facientem</strong></span> <span class='ocrx_word' id='word_1_225' title='bbox 439 2879 659 2959; x_wconf 79' lang='lat' dir='ltr'><strong>sequebantur3</strong></span> <span class='ocrx_word' id='word_1_226' title='bbox 688 2879 869 2959; x_wconf 90' lang='lat' dir='ltr'><strong>epulabatur</strong></span> <span class='ocrx_word' id='word_1_227' title='bbox 890 2898 974 2940; x_wconf 91' lang='lat' dir='ltr'><strong>more</strong></span> <span class='ocrx_word' id='word_1_228' title='bbox 995 2877 1163 2939; x_wconf 88' lang='lat' dir='ltr'><strong>Persarum</strong></span> 
     </span>
     <span class='ocr_line' id='line_1_32' title="bbox 179 2960 1164 3045; baseline 0.003 -24"><span class='ocrx_word' id='word_1_229' title='bbox 179 2960 377 3039; x_wconf 86' lang='lat' dir='ltr'><strong>luxuriosius,</strong></span> <span class='ocrx_word' id='word_1_230' title='bbox 392 2982 483 3042; x_wconf 91' lang='lat' dir='ltr'><strong>quam</strong></span> <span class='ocrx_word' id='word_1_231' title='bbox 498 2965 550 3044; x_wconf 89' lang='lat' dir='ltr'><strong>qui</strong></span> <span class='ocrx_word' id='word_1_232' title='bbox 564 2966 693 3028; x_wconf 89' lang='lat' dir='ltr'><strong>aderant</strong></span> <span class='ocrx_word' id='word_1_233' title='bbox 713 2964 834 3045; x_wconf 87' lang='lat' dir='ltr'><strong>perpeti</strong></span> <span class='ocrx_word' id='word_1_234' title='bbox 855 2968 987 3043; x_wconf 88' lang='lat' dir='ltr'><strong>possent.</strong></span> <span class='ocrx_word' id='word_1_235' title='bbox 1031 2962 1164 3024; x_wconf 83' lang='lat' dir='ltr'><strong>Aditum</strong></span> 
     </span>
     <span class='ocr_line' id='line_1_33' title="bbox 177 3046 1166 3131; baseline 0.001 -22"><span class='ocrx_word' id='word_1_236' title='bbox 177 3046 352 3127; x_wconf 88' lang='lat' dir='ltr'><strong>petentibus</strong></span> <span class='ocrx_word' id='word_1_237' title='bbox 376 3068 437 3110; x_wconf 93' lang='lat' dir='ltr'><strong>non</strong></span> <span class='ocrx_word' id='word_1_238' title='bbox 462 3050 569 3125; x_wconf 84' lang='lat' dir='ltr'><strong>debat,</strong></span> <span class='ocrx_word' id='word_1_239' title='bbox 597 3050 727 3131; x_wconf 88' lang='lat' dir='ltr'><strong>superbe</strong></span> <span class='ocrx_word' id='word_1_240' title='bbox 752 3049 970 3129; x_wconf 87' lang='lat' dir='ltr'><strong>respondebat,</strong></span> <span class='ocrx_word' id='word_1_241' title='bbox 996 3049 1166 3111; x_wconf 87' lang='lat' dir='ltr'><strong>crudeliter</strong></span> 
     </span>
     <span class='ocr_line' id='line_1_34' title="bbox 177 3132 1165 3215; baseline 0.002 -21"><span class='ocrx_word' id='word_1_242' title='bbox 177 3132 347 3214; x_wconf 88' lang='lat' dir='ltr'><strong>imperabat</strong></span> <span class='ocrx_word' id='word_1_243' title='bbox 361 3137 452 3215; x_wconf 86' lang='lat' dir='ltr'><strong>atque</strong></span> <span class='ocrx_word' id='word_1_244' title='bbox 467 3137 655 3211; x_wconf 89' lang='lat' dir='ltr'><strong>ostendebat,</strong></span> <span class='ocrx_word' id='word_1_245' title='bbox 672 3155 706 3196; x_wconf 88' lang='lat' dir='ltr'><strong>se</strong></span> <span class='ocrx_word' id='word_1_246' title='bbox 717 3135 834 3196; x_wconf 87' lang='lat' dir='ltr'><strong>maiora</strong></span> <span class='ocrx_word' id='word_1_247' title='bbox 844 3135 945 3199; x_wconf 89' lang='lat' dir='ltr'><strong>animo</strong></span> <span class='ocrx_word' id='word_1_248' title='bbox 956 3135 1067 3211; x_wconf 89' lang='lat' dir='ltr'><strong>moliri,</strong></span> <span class='ocrx_word' id='word_1_249' title='bbox 1084 3154 1165 3215; x_wconf 86' lang='lat' dir='ltr'><strong>quae</strong></span> 
     </span>
     <span class='ocr_line' id='line_1_35' title="bbox 175 3217 1163 3303; baseline 0.002 -23"><span class='ocrx_word' id='word_1_250' title='bbox 175 3219 235 3281; x_wconf 89' lang='lat' dir='ltr'><strong>fuit</strong></span> <span class='ocrx_word' id='word_1_251' title='bbox 260 3237 352 3280; x_wconf 90' lang='lat' dir='ltr'><strong>causa</strong></span> <span class='ocrx_word' id='word_1_252' title='bbox 376 3221 555 3303; x_wconf 90' lang='lat' dir='ltr'><strong>praecipua,</strong></span> <span class='ocrx_word' id='word_1_253' title='bbox 583 3240 637 3281; x_wconf 89' lang='lat' dir='ltr'><strong>our</strong></span> <span class='ocrx_word' id='word_1_254' title='bbox 658 3221 752 3282; x_wconf 88' lang='lat' dir='ltr'><strong>ceteri</strong></span> <span class='ocrx_word' id='word_1_255' title='bbox 779 3217 891 3283; x_wconf 81' lang='lat' dir='ltr'><strong>Graeci</strong></span> <span class='ocrx_word' id='word_1_256' title='bbox 917 3223 957 3284; x_wconf 92' lang='lat' dir='ltr'><strong>ad</strong></span> <span class='ocrx_word' id='word_1_257' title='bbox 983 3221 1163 3283; x_wconf 87' lang='lat' dir='ltr'><strong>societatem</strong></span> 
     </span>
     <span class='ocr_line' id='line_1_36' title="bbox 110 3302 1163 3388; baseline -0.002 -18"><span class='ocrx_word' id='word_1_258' title='bbox 110 3302 155 3370; x_wconf 79' lang='lat'><strong>35</strong></span> <span class='ocrx_word' id='word_1_259' title='bbox 176 3304 409 3369; x_wconf 88' lang='lat' dir='ltr'><strong>Atheniensium</strong></span> <span class='ocrx_word' id='word_1_260' title='bbox 424 3326 458 3367; x_wconf 92' lang='lat' dir='ltr'><strong>se</strong></span> <span class='ocrx_word' id='word_1_261' title='bbox 472 3307 670 3388; x_wconf 88' lang='lat' dir='ltr'><strong>applicarent.</strong></span> <span class='ocrx_word' id='word_1_262' title='bbox 701 3305 760 3367; x_wconf 92' lang='lat' dir='ltr'><strong>His</strong></span> <span class='ocrx_word' id='word_1_263' title='bbox 773 3307 904 3385; x_wconf 81' lang='lat' dir='ltr'><strong>cognitis</strong></span> <span class='ocrx_word' id='word_1_264' title='bbox 913 3307 945 3368; x_wconf 94' lang='lat' dir='ltr'><strong>in</strong></span> <span class='ocrx_word' id='word_1_265' title='bbox 957 3307 1163 3388; x_wconf 88' lang='lat' dir='ltr'><strong>suspicionem</strong></span> 
     </span>
     <span class='ocr_line' id='line_1_37' title="bbox 176 3390 1163 3455; baseline 0.002 -3"><span class='ocrx_word' id='word_1_266' title='bbox 176 3391 263 3454; x_wconf 86' lang='lat' dir='ltr'><strong>venit</strong></span> <span class='ocrx_word' id='word_1_267' title='bbox 274 3390 580 3454; x_wconf 87' lang='lat' dir='ltr'><strong>Lacedaemoniorum</strong></span> <span class='ocrx_word' id='word_1_268' title='bbox 595 3398 626 3453; x_wconf 92' lang='lat' dir='ltr'><strong>et</strong></span> <span class='ocrx_word' id='word_1_269' title='bbox 641 3392 762 3454; x_wconf 92' lang='lat' dir='ltr'><strong>domum</strong></span> <span class='ocrx_word' id='word_1_270' title='bbox 777 3398 939 3455; x_wconf 82' lang='lat' dir='ltr'><strong>revocatus</strong></span> <span class='ocrx_word' id='word_1_271' title='bbox 954 3397 1008 3454; x_wconf 89' lang='lat' dir='ltr'><strong>est.</strong></span> <span class='ocrx_word' id='word_1_272' title='bbox 1033 3392 1074 3454; x_wconf 83' lang='lat' dir='ltr'><strong>Et</strong></span> <span class='ocrx_word' id='word_1_273' title='bbox 1091 3412 1163 3455; x_wconf 88' lang='lat' dir='ltr'><strong>cum</strong></span> 
     </span>
     <span class='ocr_line' id='line_1_38' title="bbox 176 3477 1164 3541; baseline 0.002 -3"><span class='ocrx_word' id='word_1_274' title='bbox 176 3477 287 3540; x_wconf 86' lang='lat' dir='ltr'><strong>iterum</strong></span> <span class='ocrx_word' id='word_1_275' title='bbox 298 3477 415 3539; x_wconf 89' lang='lat' dir='ltr'><strong>iniussu</strong></span> <span class='ocrx_word' id='word_1_276' title='bbox 427 3497 532 3539; x_wconf 90' lang='lat' dir='ltr'><strong>eorum</strong></span> <span class='ocrx_word' id='word_1_277' title='bbox 542 3497 652 3540; x_wconf 87' lang='lat' dir='ltr'><strong>navem</strong></span> <span class='ocrx_word' id='word_1_278' title='bbox 663 3479 890 3541; x_wconf 89' lang='lat' dir='ltr'><strong>conscendisset</strong></span> <span class='ocrx_word' id='word_1_279' title='bbox 901 3483 933 3541; x_wconf 92' lang='lat' dir='ltr'><strong>et</strong></span> <span class='ocrx_word' id='word_1_280' title='bbox 943 3480 982 3540; x_wconf 85' lang='lat' dir='ltr'><strong>ab</strong></span> <span class='ocrx_word' id='word_1_281' title='bbox 991 3477 1164 3541; x_wconf 86' lang='lat' dir='ltr'><strong>Hermione</strong></span> 
     </span>
     <span class='ocr_line' id='line_1_39' title="bbox 177 3562 1162 3645; baseline 0 -18"><span class='ocrx_word' id='word_1_282' title='bbox 177 3564 332 3645; x_wconf 82' lang='lat' dir='ltr'><strong>proiectus</strong></span> <span class='ocrx_word' id='word_1_283' title='bbox 354 3566 435 3624; x_wconf 88' lang='lat' dir='ltr'><strong>esset</strong></span> <span class='ocrx_word' id='word_1_284' title='bbox 449 3562 615 3644; x_wconf 90' lang='lat' dir='ltr'><strong>eodemque</strong></span> <span class='ocrx_word' id='word_1_285' title='bbox 629 3563 719 3626; x_wconf 90' lang='lat' dir='ltr'><strong>modo</strong></span> <span class='ocrx_word' id='word_1_286' title='bbox 734 3585 767 3628; x_wconf 90' lang='lat' dir='ltr'><strong>se</strong></span> <span class='ocrx_word' id='word_1_287' title='bbox 782 3570 918 3645; x_wconf 88' lang='lat' dir='ltr'><strong>gereret,</strong></span> <span class='ocrx_word' id='word_1_288' title='bbox 940 3565 978 3627; x_wconf 87' lang='lat' dir='ltr'><strong>ab</strong></span> <span class='ocrx_word' id='word_1_289' title='bbox 993 3563 1162 3627; x_wconf 86' lang='lat' dir='ltr'><strong>Athenien·</strong></span> 
     </span>
    </p>
   </div>
   <div class='ocr_carea' id='block_1_3' title="bbox 0 0 1258 4080">
    <p class='ocr_par' dir='ltr' id='par_1_3' title="bbox 0 0 1258 4080">
     <span class='ocr_line' id='line_1_40' title="bbox 0 0 1258 4080; baseline 0 0"><span class='ocrx_word' id='word_1_290' title='bbox 0 0 1258 4080; x_wconf 95' lang='lat' dir='ltr'><strong> </strong></span> 
     </span>
    </p>
   </div>
   <div class='ocr_carea' id='block_1_4' title="bbox 184 3836 311 3980">
    <p class='ocr_par' dir='ltr' id='par_1_4' title="bbox 184 3836 311 3980">
     <span class='ocr_line' id='line_1_41' title="bbox 184 3836 311 3980; baseline 0 0"><span class='ocrx_word' id='word_1_291' title='bbox 184 3920 189 3929; x_wconf 73' lang='lat'><strong>,</strong></span> <span class='ocrx_word' id='word_1_292' title='bbox 282 3836 311 3980; x_wconf 72' lang='lat' dir='ltr'><em>s</em></span> 
     </span>
    </p>
   </div>
  </div>
 </body>
</html>
