2504 4080
416 247 489 310 VII.
512 245 745 311 LYSANDER.
1029 249 1071 313 47

89 417 140 478 nis
154 417 308 498 profectus
322 422 382 494 est,
406 396 553 480 simulans
567 418 626 480 sibi
640 422 714 481 vota
727 419 876 482 solvenda
891 439 972 496 essa,
996 440 1074 500 quas

42 524 44 529 ·
89 504 161 565 ante
175 503 291 564 bellum
306 504 497 586 suscepisset.

176 587 290 650 Postea
317 608 391 652 vero
421 609 490 652 cum
519 590 648 671 triginta
675 591 799 671 tyranni
833 611 852 654 a
881 590 1073 673 Thrasybulo
1098 590 1164 654 VII

90 672 223 735 Athenis
238 673 326 736 eiecti
339 674 488 738 Eleusina
507 695 541 737 se
561 676 775 752 contulissent,
800 675 961 756 Lysander
980 676 1074 738 Lace-

91 759 261 822 daemoniis
275 763 442 842 persuasit,
463 765 497 823 ut
510 761 611 843 ipsum
626 780 695 823 cum
711 759 849 824 exercitu
864 762 904 824 ad
918 781 971 824 eos
985 763 1073 824 resti·
1095 761 1116 825 5

91 846 220 907 tuendos
234 846 397 908 mitterent.
427 846 561 909 Additus
577 851 625 909 ast
639 847 667 910 ei
682 846 778 928 Libys
792 848 898 924 frater,
913 848 966 928 qui
981 848 1073 909 classi

90 934 245 1013 praeerat;
261 932 294 993 hi
309 933 348 994 ad
363 930 498 996 Atticam
512 934 640 1015 proiecti
655 932 818 995 Piraeeum
839 936 922 995 terra
935 933 1074 1012 marique

90 1018 247 1080 obsidione
282 1019 466 1080 clauserunt.
524 1018 628 1099 Reges
656 1017 964 1083 Lacedaemoniorum
998 1038 1074 1081 vero

89 1103 248 1179 timentes,
269 1123 308 1164 ue
331 1104 491 1185 Lysander
512 1103 643 1166 Athenis
667 1105 779 1166 iterum
805 1106 903 1187 captis
927 1104 1074 1166 maiorem

89 1189 185 1250 etiam
199 1190 331 1268 gloriam
345 1190 604 1253 etauctoritatem
619 1194 869 1272 consequeretur,
892 1191 983 1272 paulo
1005 1193 1075 1272 post
1097 1188 1144 1252 10

89 1274 327 1337 assentientibus
342 1276 463 1358 ephoris
478 1276 559 1338 inter
572 1295 607 1337 se
626 1278 861 1353 constituerunt,
884 1281 920 1338 ut
941 1278 1018 1339 alter
1033 1296 1073 1338 ex

89 1380 124 1421 se
150 1360 319 1422 exercitum
345 1381 381 1423 eo
408 1362 541 1425 duceret.
593 1361 763 1424 Pausanias
788 1363 884 1441 igitur
909 1363 1072 1443 proiectus,

89 1446 162 1527 quia
175 1446 336 1527 Lysandro
351 1448 472 1525 invidit,
487 1466 593 1528 paoem
609 1451 640 1510 et
654 1448 848 1509 concordiam
863 1448 907 1508 ita
928 1448 1072 1522 restituit,

88 1533 125 1593 ut
144 1531 274 1611 triginta
294 1533 435 1614 tyrannis
458 1533 586 1595 sublatis
602 1532 685 1593 cives
701 1533 733 1593 in
748 1533 923 1594 libertatem
937 1531 1073 1593 vindica-

87 1620 203 1678 rentur.
247 1616 322 1680 Post
345 1617 457 1698 Agidis
476 1618 560 1698 regis
581 1621 711 1679 mortem
732 1637 802 1678 oum
824 1618 862 1678 ds
882 1636 978 1698 regno
992 1617 1073 1678 inter
1096 1615 1143 1679 15

70 1722 73 1727 ·
87 1702 186 1764 filium
194 1702 259 1763 eius
266 1707 298 1765 et
304 1703 487 1783 Agesilaum
493 1705 621 1766 fratrem
628 1705 780 1767 contentio
788 1707 878 1779 esset,
886 1703 1074 1783 suffragante

87 1787 247 1868 Lysandro
276 1787 442 1868 Agesilaus
471 1791 624 1851 antelatus
653 1793 713 1870 est3
749 1809 785 1851 eo
814 1790 897 1850 enim
924 1793 1074 1870 regnante

88 1873 250 1954 Lysander
271 1874 361 1936 facile
381 1894 486 1936 omnes
507 1895 558 1936 res
578 1875 704 1936 arbitrio
725 1894 780 1936 suo
796 1894 829 1935 se
845 1875 1072 1936 admInistratu-

87 1978 158 2020 rum
177 1960 305 2040 putavit.
351 1960 438 2031 Quae
459 1962 561 2042 opinio
582 1980 652 2021 eum
674 1961 797 2036 fefellit3
817 1979 888 2022 nam
907 1960 1072 2039 Agesilaus

89 2064 151 2106 uon
164 2044 192 2106 is
206 2048 285 2120 erat,
309 2047 362 2126 qui
377 2066 410 2108 se
425 2047 495 2108 aliis
510 2047 710 2125 subiungeret
724 2047 776 2108 vel
790 2065 896 2107 eorum
911 2045 1071 2107 auctorita-
1093 2041 1142 2105 20

87 2135 151 2192 tem
167 2134 352 2211 sequeretur.
396 2134 506 2213 Itaque
527 2152 596 2194 oum
610 2131 771 2212 Lysander
790 2150 851 2193 una
864 2131 896 2192 in
911 2129 1018 2190 Asiam
1032 2130 1072 2193 ad

74 2215 205 2295 ⁸bellum
224 2215 328 2279 Persis
354 2217 547 2280 inferendum
571 2218 725 2298 profectus
747 2218 777 2279 ei
799 2217 905 2278 multis
927 2216 960 2277 iu
980 2217 1072 2277 rebus

88 2303 287 2378 obtrectaret,
310 2304 450 2365 omnibus
470 2304 546 2365 locis
569 2323 602 2364 se
622 2305 798 2384 praeferens
819 2305 852 2363 et
865 2302 1072 2364 multitudinis

88 2387 221 2468 gratiam
236 2390 375 2469 raptans,
399 2390 437 2451 ab
452 2389 600 2535 Apiesssw
620 2389 783 2470 legationis
803 2389 904 2468 specie
919 2388 951 2449 in
966 2386 1072 2452 Helle·

78 2474 356 2621 irritastis
371 2479 435 2635 zi,
463 2473 1071 2640 quittari,libratas
1093 2466 1135 2531 ²5

88 2662 158 2705 cum
172 2641 314 2724 Spartam
328 2647 466 2722 redisset,
482 2666 532 2707 res
546 2665 661 2708 novare
676 2646 800 2709 molitus
816 2648 871 2706 est

175 2728 303 2811 Spartae
328 2750 396 2792 oum
418 2735 520 2793 essent
541 2732 606 2795 bini
626 2751 746 2812 semper
770 2750 860 2810 reges
886 2749 927 2790 ex
952 2725 1160 2789 duabusVIII

86 2815 212 2878 familiis
226 2815 328 2878 Procli
343 2821 375 2879 et
388 2817 602 2899 Eurysthenis,
619 2818 746 2878 consilia
760 2816 843 2891 iniit,
866 2819 901 2876 ut
923 2814 955 2874 iu
969 2817 1069 2896 poste-

86 2920 156 2963 rum
171 2920 231 2988 non
247 2903 346 2964 solum
360 2923 402 2964 ex
416 2904 464 2965 his
470 2951 479 2980 ,
500 2903 555 2964 sed
576 2922 618 2963 ex
639 2903 780 2964 omnibns
795 2901 997 2982 eligerentur,
1018 2901 1070 2981 qui
1091 2895 1140 2960 30⁴

85 2985 216 3069 Spartae
229 2988 335 3071 stirpis
349 2988 585 3053 Heraclidarum
599 2992 710 3065 essent,
726 3007 781 3069 spe
796 2988 919 3062 ductus,
936 3006 970 3049 se
983 3005 1071 3069 prae·

85 3076 135 3135 ter
149 3075 267 3136 eeteros
282 3093 388 3154 regem
402 3076 475 3138 fore.
499 3072 561 3137 Sed
571 3074 731 3151 sentiebat,
748 3074 780 3135 id
791 3074 857 3135 sine
871 3093 930 3154 ope
944 3074 1070 3134 deorum

85 3177 120 3220 se
134 3158 236 3220 facere
248 3179 311 3222 nou
325 3180 423 3242 possa,
440 3160 520 3241 quod
531 3160 765 3223 Lacedaemonii
776 3160 878 3223 omnia
892 3159 931 3221 ad
946 3159 1071 3223 oracula

84 3243 201 3306 referre
222 3249 410 3309 consuerant.
455 3244 594 3308 Primum
608 3246 791 3329 Delphicum
813 3264 1009 3326 corrumpere
1023 3248 1071 3304 est

85 3332 225 3406 conatus;
253 3348 323 3392 oum
350 3331 382 3393 id
403 3350 464 3394 non
485 3333 636 3412 potuisset
668 3332 828 3395 Dodonam
859 3332 985 3393 adortus
1012 3330 1067 3389 est.
1090 3321 1139 3385 35

83 3414 168 3478 Hinc
186 3436 307 3498 quoque
324 3417 467 3499 repulsus
488 3418 527 3480 ad
542 3418 699 3480 oraculum
713 3418 798 3481 lovis
812 3416 987 3490 Ammonis,
1009 3432 1068 3493 quo

10 3546 13 3551 -
83 3502 146 3564 iam
161 3507 251 3565 autea
265 3522 299 3564 se
315 3503 494 3580 contulerat,
508 3504 663 3585 profectus
678 3506 726 3566 est
739 3503 919 3567 existimans
930 3520 965 3562 se
974 3498 1068 3561 Afros

83 3586 205 3651 facilius
231 3592 459 3671 corrupturum
485 3590 540 3651 sed
565 3590 716 3652 antistites
736 3589 822 3652 Iovis
848 3606 918 3650 eum
937 3585 1071 3649 multum
