2504 4080
411 242 452 303 X.
475 239 717 307 AGESILAUS.
1013 244 1056 309 59

67 414 111 476 ad
129 412 290 475 Pactolum
311 431 446 489 amnem,
468 432 538 474 cum
559 415 677 476 duobus
700 414 769 476 aliie
792 416 930 496 proeliis,
956 417 1055 497 iisque

68 498 245 573 levioribus,
260 497 374 561 Persae
389 500 561 579 superiores
576 499 796 561 discessissent.

160 584 201 645 At
214 603 272 644 rex
286 586 364 646 hauc
379 585 498 646 cladem
512 604 638 646 suorum
653 604 745 664 aegre
759 587 860 647 ferens
871 588 1051 650 adhortante
1077 587 1103 648 V

70 670 269 750 Parysatide,
291 688 369 750 qnae
391 671 588 750 Tissapherni
609 676 734 750 propter
755 676 883 733 mortem
905 672 980 754 Gyri
999 675 1055 736 filii

72 759 281 830 succenseret,
305 756 511 817 Tithraustem
532 757 563 816 in
584 756 692 818 Asiam
712 757 860 818 minorem
880 760 975 832 misit,
1002 762 1054 839 qui
1076 757 1098 822 5

71 842 176 904 statim
184 841 416 922 Tissaphernem
427 843 459 902 in
470 841 595 902 vincula
603 842 733 903 coniecit
742 846 774 903 et
784 843 934 924 supplicio
945 844 1053 906 affecit.

70 928 161 990 Idem
180 945 258 1000 cum,
271 926 417 1007 Agesilao
438 927 517 1006 egit,
545 932 579 988 nt
603 928 745 1007 quoniam
768 928 865 989 hostis
887 932 1053 990 communis

71 1013 213 1077 sublatus
229 1017 323 1086 esset,
347 1012 424 1074 Asia
443 1014 606 1074 decederet
620 1018 651 1074 et
666 1013 790 1074 domurn
804 1015 918 1075 rediret
933 1034 969 1075 ea
985 1034 1053 1077 con-

68 1099 205 1173 dicione,
227 1107 263 1159 ut
280 1099 372 1159 urbes
388 1095 525 1160 Graecae
545 1099 576 1158 in
592 1098 668 1160 Asia
682 1100 759 1162 sitae
774 1101 838 1160 suis
852 1100 973 1179 legibus
989 1106 1023 1163 ut
1043 1138 1054 1146 -

69 1188 177 1246 rentur
188 1187 220 1245 ct
230 1185 297 1263 regi
306 1187 425 1245 tantum
435 1185 583 1245 tributum
591 1185 766 1266 penderent.
779 1185 944 1266 Agesilaus
953 1190 1053 1249 autem
1077 1185 1120 1249 10

71 1270 200 1349 negarit
228 1289 262 1330 se
291 1269 409 1330 iniussu
429 1271 664 1350 magistratuum
684 1270 993 1335 Lacedaemoniorum
1023 1274 1054 1335 id

69 1357 236 1434 facturnm3
254 1358 372 1416 tantum
387 1355 555 1418 Tithrausti
577 1356 707 1436 largitus
722 1361 782 1430 est,
799 1360 846 1431 ut,
863 1359 890 1417 si
905 1359 1053 1420 exercitui

69 1460 126 1502 suo
142 1441 329 1521 stipendium
343 1440 485 1517 dedisset,
501 1441 534 1502 in
548 1441 731 1522 Phrygiam,
753 1442 943 1521 provinciam
957 1442 1053 1504 Phar-

71 1527 199 1600 nabazi,
222 1526 340 1588 inimici
361 1526 427 1586 eius
448 1534 635 1587 excurreret.
680 1526 872 1587 Tithrausten
894 1547 1053 1589 varocum

69 1613 199 1674 sentiret
224 1613 370 1691 Agesilao
401 1631 591 1692 nequaquam
623 1612 654 1671 in
687 1612 787 1673 animo
820 1632 887 1673 csse
913 1632 953 1674 ex
978 1613 1054 1676 Asia
1077 1610 1119 1675 15

69 1698 227 1773 decedere,
243 1699 447 1759 Timocratem
461 1697 616 1759 Rhodium
631 1715 700 1758 cum
719 1697 940 1780 qninquaginta
958 1701 1053 1762 talen-

69 1784 113 1846 tis
133 1784 166 1843 in
188 1781 350 1846 Graeciam
369 1784 467 1857 misit,
495 1803 585 1863 quam
614 1783 774 1862 pecuniam
801 1786 881 1846 inter
901 1785 1053 1866 principes

70 1869 231 1931 civitatum
245 1869 494 1930 Lacedaemoniis
509 1869 699 1930 inimicarum
715 1869 920 1944 distribueret,
943 1876 977 1931 ut
991 1872 1053 1931 illis

68 1954 186 2015 bellum
205 1959 370 2016 moverent.
415 1953 546 2015 Etcum
567 1954 733 2032 Agesilaus
754 1956 816 2016 iam
837 1955 938 2016 animo
959 1956 1054 2017 medi-

70 2043 188 2101 taretur
201 2040 353 2121 proticisci
368 2041 400 2100 in
413 2039 524 2101 Persas
540 2046 570 2100 et
584 2060 690 2119 regem
704 2040 805 2120 ipsum
826 2041 955 2114 adoriri,
978 2061 1053 2101 nun·
1076 2038 1119 2102 20

71 2126 135 2187 tius
155 2126 185 2186 ei
206 2127 294 2188 domo
317 2125 403 2186 venit
423 2127 606 2206 ephororum
628 2126 736 2200 missu,
766 2126 879 2187 bellum
906 2126 1055 2186 indixisse

70 2209 277 2273 Athenienses
299 2217 331 2273 et
349 2210 491 2273 Boeotios
513 2211 774 2288 Lacedaemoniis,
796 2232 890 2292 quare
911 2231 950 2272 ne
968 2212 1054 2273 dubi-

10 2376 16 2383 ·
72 2299 156 2358 taret
169 2298 285 2358 venire.
329 2298 368 2358 In
387 2298 444 2359 hoc
464 2317 524 2359 non
546 2297 647 2357 minus
669 2297 733 2357 eius
748 2298 846 2378 pietas
861 2297 1054 2379 suspicienda

70 2384 129 2457 est,
145 2402 236 2462 qnam
251 2383 350 2443 virtus
366 2383 488 2457 bellica,
511 2383 563 2463 qui
583 2402 652 2443 cum
667 2383 778 2445 victori
796 2388 953 2464 praeesset
967 2404 1054 2445 exer-

18 2474 21 2479 '
72 2468 148 2530 citui
168 2469 394 2547 maximamque
413 2469 539 2530 haberet
558 2468 701 2530 fiduciam
720 2471 809 2549 regni
823 2469 988 2532 Persarum
1003 2489 1054 2550 po·
1077 2463 1120 2529 25

70 2554 180 2627 tiundi,
204 2558 290 2616 tanta
303 2554 453 2615 modestia
467 2554 548 2615 dicto
564 2555 691 2615 audiens
706 2555 764 2615 fuit
777 2555 869 2616 iussis
883 2556 1055 2617 absentium

72 2639 323 2718 magistratuum,
353 2643 387 2701 ut
409 2640 436 2700 si
458 2640 596 2719 privatus
616 2640 648 2700 in
669 2640 791 2702 comitio
813 2645 895 2701 esset
917 2640 1053 2721 Spartae.

72 2724 240 2804 Agesilaus
260 2725 489 2806 opulentissimo
508 2744 605 2803 regno
624 2726 800 2805 praeposuit
821 2726 931 2786 bonam
949 2725 1055 2785 existi·

71 2810 237 2873 mationem
250 2812 406 2891 multoque
420 2810 584 2888 gloriosius
600 2809 703 2883 duxit,
725 2810 752 2869 si
772 2809 921 2870 institutis
936 2810 1065 2890 patriae·

72 2897 234 2977 paruisset,
250 2917 340 2976 quam
355 2897 382 2957 si
395 2897 476 2957 bello
492 2900 667 2975 superasset
681 2893 796 2956 Asiam.
857 2972 859 2976 Α
1077 2891 1121 2955 30

160 2982 318 3056 Pisandro,
333 2982 439 3043 uxoris
450 3001 523 3044 suae
533 2982 636 3056 fratre,
652 3000 743 3061 quem
754 2980 845 3042 classi
856 2982 1053 3061 praefecerat,
1076 2980 1123 3042 VI

72 3069 107 3128 et
116 3065 245 3128 Euxeno
261 3087 330 3128 cnm
345 3072 475 3148 quatuor
486 3067 610 3128 milibus
626 3067 768 3141 militum,
785 3067 837 3147 qui
851 3069 943 3129 urbes
958 3074 1056 3130 custo-

74 3152 186 3227 dirent,
201 3153 233 3214 in
242 3153 320 3214 Asia
332 3154 449 3215 relictis
459 3153 697 3233 Hellespontum
711 3153 815 3234 copias
829 3154 949 3216 traiecit
958 3157 1056 3216 tanta·

73 3257 138 3317 que.
148 3258 222 3299 usus
237 3240 285 3300 est
295 3240 460 3314 celeritate,
476 3242 511 3300 ut
525 3239 605 3319 quod
619 3239 679 3300 iter
690 3238 815 3300 Xerxes
830 3244 960 3319 quatuor
974 3259 1056 3300 men-

71 3325 157 3385 sibus
186 3325 372 3401 confecerat,
402 3324 452 3386 hic
480 3324 626 3386 transiret
653 3325 754 3386 minus
783 3326 913 3404 triginta
938 3324 1053 3385 diebus.
1077 3318 1122 3382 ab

75 3405 214 3489 Cumque
234 3429 329 3491 prope
348 3409 557 3489 Amphipolim
578 3412 686 3472 urbem
709 3414 800 3485 esset,
821 3409 995 3471 nuntiatum
1009 3412 1057 3468 est

73 3495 104 3555 ei
118 3494 375 3558 Lacedaemonios
388 3496 551 3556 victoriam
565 3497 603 3557 ab
625 3496 762 3558 hostibus
782 3498 969 3576 reportasse3
990 3495 1056 3554 tan-

74 3582 143 3642 tnm
156 3584 258 3643 autem
274 3582 371 3643 abfuit
386 3581 424 3641 ab
439 3580 603 3643 insolentia
612 3582 769 3655 victuriae,
784 3584 819 3642 ut
830 3579 1057 3643 comminorare·
