2504 4080
389 184 451 246 III.
474 181 704 247 uersurum.
998 183 1041 248 25

145 357 257 437 Pugna
275 356 386 418 deinde
408 355 572 417 commissa
593 354 797 417 Athenienses
822 375 891 418 eum
916 353 1044 420 Graecis
1066 354 1097 417 V

56 442 210 524 imprimis
231 460 300 504 cum
315 441 467 503 Thebanis
488 460 597 503 manus
618 446 851 518 conseruerunt,
874 462 951 522 quos
972 462 1042 505 cum

57 527 214 591 Aristides
229 527 424 589 succedentes
440 527 659 608 conspexisset,
674 527 846 608 paullulum
860 548 1042 610 progressus

59 616 145 676 clara
155 632 231 676 rece
242 613 401 694 increpuit,
417 615 588 689 obsecrans,
604 616 639 674 ut
648 631 755 693 pugna
765 614 953 676 abstinerent
963 635 1042 678 neve

58 700 120 761 sibi
134 699 347 780 impedimento
368 703 485 774 essent,
506 699 667 780 quominus
689 718 878 761 communem
894 697 1042 764 Graeciae
1063 703 1086 768 ὃ

58 787 233 849 libertatem
247 788 413 848 tuerentur.
458 784 506 846 Ac
520 785 645 866 plurImi
658 785 781 865 quidem
796 785 1042 849 adversariorum

57 872 147 933 brevi
161 874 230 953 post
243 871 366 933 initium
380 890 502 952 pugnae
517 891 557 932 ex
572 870 638 932 acie
652 873 866 948 excesserunt3
882 890 952 934 cum
963 873 1041 935 The·

56 958 145 1021 banis
166 959 270 1020 tamen
291 956 478 1037 aliquamdiu
499 962 668 1037 pugnatum
690 962 751 1034 est,
780 959 877 1021 donec
897 959 1042 1021 universe

57 1044 212 1106 exereitus
232 1042 352 1105 hostilis
375 1043 450 1122 fuga
471 1042 573 1118 fieret,
600 1042 735 1104 maxime
760 1044 860 1107 occiso
885 1044 918 1105 in
942 1045 1041 1108 altero

57 1148 153 1193 cornu
177 1128 346 1192 Murdouio.
396 1128 479 1189 Victi
504 1133 606 1190 autem
630 1127 744 1191 Persae
770 1130 803 1190 in
828 1133 930 1194 castra
954 1151 1039 1194 muro
1064 1128 1107 1196 10

56 1217 161 1296 ligneo
181 1214 300 1277 munita
320 1214 478 1295 fugerunt,
501 1233 578 1294 quae
600 1215 705 1296 paullo
726 1219 796 1296 post
817 1217 856 1278 ab
871 1212 1041 1279 Athenien-

57 1302 143 1363 sibus
158 1303 336 1382 expugnata
350 1303 431 1366 sunt.
473 1300 549 1362 Post
567 1319 703 1381 pugnam
724 1303 836 1367 lacum
850 1302 931 1364 inter
947 1301 1041 1367 Grae·

58 1406 111 1450 cos
122 1389 277 1449 certamen
292 1389 365 1461 erat,
381 1385 469 1461 utris,
485 1385 733 1447 Lacedaemoniis
744 1407 783 1449 an
793 1387 1041 1466 Atheniensibus,

57 1472 176 1554 primae
190 1475 294 1533 essent
308 1472 438 1547 dandae3
454 1472 496 1533 ibi
512 1490 581 1533 cum
595 1491 655 1534 non
671 1472 801 1533 multum
816 1473 946 1550 abesset,
969 1475 1042 1554 quin

57 1579 109 1621 res
134 1555 322 1620 Graecorum
347 1557 502 1619 discordia
527 1557 749 1632 dilaberentur,
779 1555 932 1620 Aristides
956 1559 1041 1639 prior
1064 1558 1108 1625 lh

57 1644 291 1707 Atheniensium
305 1643 436 1719 nemine,
451 1646 486 1704 ut
497 1648 650 1704 certamen
662 1642 865 1719 dirimerem,
882 1642 1041 1707 Plataeen-

58 1731 143 1793 sibus
158 1749 211 1792 aas
226 1729 384 1803 concessit,
406 1749 496 1809 quem
512 1729 621 1790 deinde
635 1727 803 1791 Pausanias
819 1750 874 1810 pro
889 1728 1041 1793 Lacedae·

58 1815 168 1879 moniis
183 1819 304 1879 secutus
318 1818 373 1877 est.
418 1816 469 1876 Ita
483 1814 584 1894 gratia
597 1815 793 1876 reconciliata
808 1816 958 1877 decimam
973 1836 1041 1897 par-

57 1905 162 1964 teme
187 1902 301 1983 praeda
322 1905 516 1976 exemerunt,
543 1906 634 1981 quam
661 1901 720 1962 diis
739 1901 889 1983 imprimis
904 1901 1042 1983 Apollini

56 1987 207 2068 Delphico
230 1993 261 2050 ct
280 1988 350 2049 lovi
372 1984 516 2067 Olympio
530 1992 693 2069 voverent3
707 1989 815 2062 exeis,
832 2007 910 2068 quac
923 1988 1042 2068 reliqua
1063 1984 1108 2052 20

55 2075 156 2222 qqant,
178 2073 328 2220 deqimam
341 2072 513 2135 Pausaniae
535 2073 697 2163 dederunt,
720 2076 823 2134 cetera
842 2074 923 2135 inter
943 2074 1042 2135 socios

90 2178 217 2221 viserun
232 2207 240 2223 .

142 2244 300 2307 Reversus
314 2241 453 2307 Athenas
464 2243 625 2320 Aristides,
642 2245 676 2306 ut
691 2244 775 2326 plebi
789 2264 844 2326 pro
860 2246 951 2307 rebus
965 2245 1043 2307 bene
1064 2244 1114 2307 VI

56 2330 155 2411 gestis
169 2330 270 2411 gratia
283 2331 464 2404 referretur,
490 2331 521 2392 in
547 2330 688 2393 contione
712 2332 814 2410 legem
840 2332 982 2413 pertulit,
1007 2336 1042 2392 ut

58 2417 169 2497 cuique
183 2417 244 2480 civi
258 2417 359 2479 aditus
373 2417 413 2479 ad
427 2436 561 2479 summos
576 2418 706 2480 honores
720 2420 850 2500 pateret,
867 2436 936 2480 cum
952 2421 1041 2480 antea
1062 2413 1106 2480 25

57 2502 180 2565 infimae
194 2503 302 2565 elassis
316 2503 454 2565 homines
468 2523 487 2565 a
506 2502 723 2582 gubernaculis
742 2503 943 2585 reipublicae,
965 2523 1043 2585 quae

56 2607 153 2670 penes
178 2588 383 2670 opulentiores
409 2592 509 2664 erant,
537 2588 655 2649 exclusi
679 2588 818 2651 fuissent.
863 2588 934 2659 Qua
953 2589 986 2650 in
1008 2609 1042 2651 re

57 2674 176 2736 iustitia
189 2675 254 2736 eius
269 2694 461 2755 summopere
473 2675 628 2736 laudanda
641 2677 697 2749 est,
714 2694 783 2735 eum
794 2677 930 2735 ceterum
940 2675 1041 2754 magis

58 2759 250 2841 optimatium
266 2779 357 2840 quam
371 2760 559 2841 plebeiorum
581 2760 719 2841 partibus
739 2760 866 2820 faveret.
911 2757 958 2819 Ac
973 2779 1041 2840 pro-

58 2845 165 2908 bitatis
179 2846 237 2907 hcc
258 2865 375 2926 quoque
396 2847 611 2908 documentum
626 2848 681 2906 est.
727 2843 946 2906 Themistocles
961 2845 1042 2907 dixit
1063 2841 1108 2906 30

57 2931 91 2992 in
106 2931 253 3007 contione,
270 2951 303 2992 se
318 2931 431 2993 habere
447 2930 607 2993 consilium
622 2930 807 3011 reipublicae
822 2930 965 3009 salutare,
988 2932 1042 2994 sed

57 3017 91 3079 id
106 3017 178 3079 seiri
193 3036 269 3098 opus
292 3037 352 3080 non
375 3036 451 3079 esse.
495 3016 671 3080 Postulavit
695 3018 731 3079 ut
755 3016 888 3098 aliquem
909 3018 1041 3100 populus

59 3103 156 3179 daret,
171 3122 302 3183 quocum
318 3102 571 3178 communicaret3
588 3104 678 3166 datus
693 3112 740 3165 cst
754 3101 916 3165 Aristides.
960 3103 1043 3166 Huic

57 3187 215 3264 illedixit,
231 3189 362 3251 classem
372 3188 689 3266 Lacedaemoniorum,
705 3208 784 3270 quae
798 3189 949 3254 subducta
962 3196 1044 3251 esset

59 3273 99 3336 ad
114 3271 281 3354 Gytheum,
297 3275 376 3336 clam
391 3275 513 3337 incendi
528 3295 619 3358 posse
624 3300 632 3351 3
654 3295 712 3356 quo
735 3277 814 3339 facto
834 3275 936 3355 frangi
950 3274 1042 3338 Lace·
1063 3270 1108 3334 35

58 3360 289 3423 daemoniorum
310 3380 384 3442 opes
405 3379 530 3422 necesse
551 3366 640 3423 esset.
686 3361 778 3432 Quod
798 3361 952 3424 Aristides
972 3378 1041 3421 cum

58 3446 209 3522 audisset,
232 3445 266 3507 in
287 3446 458 3509 contionem
480 3467 593 3528 magna
607 3447 835 3529 exspectatione
849 3447 936 3508 venit
950 3446 1042 3508 uixit-

59 3552 128 3613 que,
144 3532 275 3614 perutile
290 3553 358 3596 esss
378 3533 552 3610 consilium,
575 3534 656 3614 quod
670 3533 890 3596 Themistocles
912 3530 1043 3609 afferrm,
