2504 4080
402 230 524 293 XVIII.
549 230 775 293 TIMOLEON.
1038 228 1079 293 97

96 406 227 483 fanaque
242 403 363 464 deserta
377 403 492 464 refecit.
538 400 721 465 Civitatibus
741 404 827 483 leges
847 404 1080 485 libertatemque

97 490 239 552 reddidit.
264 489 314 549 Ex
330 491 463 550 maximo
479 488 560 551 bello
576 496 693 551 tantum
709 491 803 550 otium
816 492 871 552 toti
884 492 1001 553 insulae
1012 511 1080 553 con-

99 577 225 649 ciliarit,
241 583 276 636 ut
291 577 340 635 hic
355 577 492 636 conditor
507 576 627 636 urbium
643 596 756 647 earum,
773 596 833 637 non
848 577 903 650 illi,
927 578 978 656 qui
995 579 1081 639 initio

99 663 299 737 deduxerant,
316 663 479 724 videretur.
514 661 626 722 Arcem
641 660 810 742 Syracusis,
826 682 916 741 quam
932 665 1082 725 munierat

99 749 265 829 Dionysius
280 757 355 809 natu
370 749 465 808 maior
481 748 520 808 ad
535 748 641 808 urbem
653 748 859 817 obsidendam,
877 749 1081 810 at'undamen·
1104 751 1126 814 5

101 835 143 895 tis
158 834 288 907 disiecit,
312 845 414 896 cetera
429 835 600 913 tyrannidis
615 834 844 914 propugnacula
859 834 1020 895 demolitus
1035 840 1084 896 est

101 920 245 999 deditque
259 939 396 1000 operam,
420 929 454 980 ut
477 939 568 998 quam
589 921 713 980 minime
729 920 826 980 multa
839 921 972 998 vestigia
986 922 1082 981 servi·

99 1007 174 1067 tutis
190 1013 356 1067 manerent.
392 1003 470 1066 Cum
485 1006 578 1066 tantis
593 1016 675 1067 esset
690 1006 806 1086 opibus,
822 1014 857 1066 ut
870 1007 962 1068 etiam
977 1007 1083 1067 invitis

97 1093 382 1172 imperareposset,
405 1098 522 1152 tantum
544 1101 645 1152 autem
661 1113 792 1152 amorem
809 1093 935 1154 haberet
949 1094 1084 1153 omnium

100 1177 286 1250 Siculorum,
311 1185 345 1238 ut
365 1178 446 1239 nullo
468 1188 629 1240 recusante
644 1199 774 1257 regnum
789 1178 952 1253 obtineret,
977 1180 1085 1240 maluit
1107 1179 1150 1242 10

95 1285 134 1325 ee
148 1265 239 1342 diligi
254 1283 345 1343 quam
360 1266 462 1324 metui.
507 1265 616 1344 Itaque
639 1285 707 1325 cum
728 1266 860 1344 primum
876 1267 975 1345 potuit
989 1267 1083 1346 impe-

98 1351 180 1411 rium
195 1351 342 1429 deposuit,
359 1370 394 1411 ac
408 1351 547 1431 privatus
563 1352 723 1429 Syracusis
739 1351 819 1429 quod
835 1351 985 1430 reliquum
1001 1355 1085 1413 vitae

99 1437 159 1498 fuit
184 1438 272 1496 vixit.
316 1435 423 1516 Neque
449 1456 522 1496 vero
549 1437 580 1496 id
607 1437 747 1516 imperite
774 1437 856 1499 tecit.
898 1437 977 1496 Nam
1004 1438 1084 1515 quod

101 1522 195 1583 ceteri
211 1541 302 1595 reges
317 1522 443 1602 imperio
467 1531 643 1601 potuerunt,
668 1523 718 1581 hic
740 1521 953 1582 benevolentia
977 1524 1082 1582 tenuit.

100 1607 213 1669 Nullus
229 1609 323 1669 honos
339 1609 407 1668 huic
423 1608 528 1680 defuit,
544 1628 641 1686 neque
658 1616 763 1687 postea
777 1627 826 1666 res
842 1606 1082 1687 ullaSyracusis
1107 1606 1147 1670 15

101 1699 191 1773 gesta
205 1706 252 1754 est
267 1695 397 1773 publice,
413 1694 451 1754 de
466 1713 525 1773 qua
539 1694 623 1774 prius
639 1695 679 1754 sit
694 1694 859 1766 decretum,
876 1713 966 1772 quam
983 1693 1083 1755 Timo·

100 1780 213 1841 leontis
228 1781 377 1840 sententia
392 1781 521 1858 cognita.
551 1779 673 1840 Nullius
690 1799 832 1859 umquam
848 1780 1008 1840 consilium
1025 1801 1085 1842 non

103 1866 195 1925 modo
210 1868 383 1938 antelatum,
399 1867 453 1926 sed
470 1886 507 1925 ne
523 1875 729 1945 comparatum
746 1866 867 1944 quidem
883 1871 938 1925 est.
976 1866 1083 1944 Neque

104 1950 139 2010 id
159 1951 254 2031 magis
278 1952 489 2013 benevolentia
511 1952 693 2012 factumest
715 1971 806 2030 quam
829 1952 894 2010 eius
915 1952 1082 2030 prudentia.

149 2034 208 2096 Hie
222 2057 289 2097 oum
304 2046 403 2098 aetate
417 2039 477 2098 iam
494 2046 656 2118 provectus
671 2047 760 2111 esset,
777 2038 843 2097 sine
858 2038 919 2097 ullo
936 2038 1039 2099 morbo
1061 2037 1109 2099 IV
1118 2033 1162 2097 20

103 2121 219 2183 lumina
233 2124 390 2184 oculorum
405 2125 514 2184 amisit.
538 2123 639 2193 Quam
652 2124 856 2184 calamitatem
873 2125 915 2184 ita
930 2124 1084 2185 moderate

102 2208 188 2281 tulit,
211 2216 246 2269 ut
267 2229 364 2288 neque
386 2230 455 2270 eum
478 2220 654 2289 querentem
676 2212 834 2289 quisquam
850 2209 970 2269 audiret
985 2229 1086 2288 neque

102 2313 141 2354 eo
156 2294 256 2355 minus
270 2295 400 2375 privatis
416 2295 606 2375 publicisque
617 2297 711 2360 ,rebus
729 2297 896 2355 interesset.
935 2295 1085 2356 Veniebat

104 2391 206 2440 autem
222 2381 253 2440 in
270 2383 434 2449 theatrum,
458 2401 527 2441 cum
548 2383 590 2441 ibi
615 2382 776 2442 concilium
792 2381 897 2461 populi
912 2383 1084 2455 haberetur,

102 2474 227 2547 propter
242 2468 450 2528 valetudinem
466 2474 572 2527 vectus
589 2468 731 2528 iumentis
747 2469 865 2543 iunctis,
881 2480 973 2547 atque
988 2469 1032 2527 ita
1046 2468 1084 2527 de
1106 2464 1148 2528 ab

102 2553 244 2613 vehiculo
260 2573 338 2632 quae
353 2554 535 2614 videbantur
558 2554 685 2614 dicebat.
730 2552 837 2632 Neque
859 2555 916 2614 hoo
937 2554 982 2613 illi
1005 2553 1086 2632 quis-

101 2657 194 2718 quam
210 2639 363 2700 tribuebat
377 2639 546 2719 superbiae.
576 2639 661 2701 Nihil
676 2640 756 2700 enirn
772 2658 913 2718 umquam
929 2658 1027 2718 neque
1042 2639 1085 2697 in-

101 2724 205 2785 solens
231 2745 329 2805 neque
354 2725 521 2805 gloriosum
547 2744 588 2784 ex
614 2744 665 2786 ore
680 2727 746 2785 eius
761 2726 851 2785 exiit:
879 2725 930 2803 qui
955 2724 1086 2802 quidem,

102 2828 173 2871 cum
181 2830 252 2871 suas
263 2813 368 2872 laudes
381 2811 685 2890 audiretpraedicari‚
697 2829 859 2889 numquam
869 2811 952 2870 aliud
962 2811 1085 2883 diceret,

102 2915 194 2976 quam
209 2916 243 2957 se
257 2898 288 2958 in
302 2918 339 2959 ea
354 2918 386 2958 re
403 2898 534 2958 maxime
550 2898 615 2958 deis
630 2917 723 2976 agere
734 2896 850 2974 gratias
862 2908 953 2976 atque
966 2897 1085 2971 habere,
1110 2892 1155 2957 30

103 2982 192 3061 quod,
210 3002 279 3044 cum
295 2982 428 3045 Siciliam
446 3002 584 3044 recreare
599 2983 841 3055 constituissent,
867 2994 931 3043 tum
947 3003 979 3043 se
995 2984 1087 3063 potis·

103 3068 214 3128 simum
230 3070 336 3130 ducem
352 3089 420 3130 esse
431 3070 606 3131 voluissent.
633 3069 717 3130 Nihil
729 3071 810 3130 enim
826 3086 927 3130 rerum
943 3070 1087 3131 humana-

102 3172 172 3215 rum
201 3155 268 3215 sine
296 3156 421 3216 deorum
451 3158 574 3216 numine
604 3156 669 3235 geri
699 3157 834 3236 putabat.
880 3155 989 3235 ltaque
1015 3175 1088 3216 suae

98 3238 186 3301 domi
202 3242 350 3302 sacellum
364 3240 556 3303 Automatias
571 3244 768 3305 constituerat
789 3243 880 3322 idque
895 3243 1087 3303 sanctissimo

94 3327 231 3388 colebat.
1110 3321 1153 3385 ab

191 3411 241 3474 Ad
263 3416 341 3475 hano
362 3412 493 3474 hominis
515 3413 717 3476 excellentem
738 3414 905 3476 bonitatem
928 3411 1085 3473 mirabiles
1109 3409 1138 3470 V

103 3508 295 3562 accesserant
316 3519 412 3561 casus.
456 3497 537 3560 Nam
561 3501 676 3580 proelia
697 3502 832 3561 maxima
854 3499 949 3560 natali
964 3517 1018 3558 suo
1039 3497 1088 3558 die

99 3584 178 3645 fecit
191 3588 300 3647 omnia.
325 3585 393 3656 Quo
409 3586 522 3646 factum
537 3594 640 3650 estut
654 3589 720 3647 eius
735 3587 816 3648 diem
831 3586 963 3648 natalem
975 3585 1088 3645 festum

155 3702 257 3744 eorndlm
270 3706 342 3754 nem.
879 3695 893 3740 ’ἶ
