2504 4080
180 217 223 284 26
514 222 570 283 IV.
593 219 837 286 PAUSANIAS.

138 446 141 451 .
180 391 235 453 sed
245 390 370 453 minime
381 393 548 455 honestum.
564 395 674 474 Itaque
686 392 897 470 Athenienses,
910 395 990 474 quod
1002 395 1165 457 honestum

180 497 241 539 non
256 482 351 553 esset,
375 477 406 538 id
421 480 550 542 neutile
565 480 688 561 quidem
703 500 770 540 esse
784 483 984 561 putaverunt,
1008 483 1164 563 totamque

180 582 249 624 eam
263 582 343 638 rem,
370 583 461 644 quam
476 586 515 626 ne
540 566 700 628 audierant
723 565 860 646 quidem,
886 567 1012 628 auctore
1026 564 1164 629 Aristide

180 648 427 729 repudiaverunt.
471 653 522 714 Ita
540 672 600 713 non
621 651 687 733 ipse
710 652 798 714 modo
820 652 1006 713 iustissimus
1021 653 1091 729 fuit,
1111 653 1163 714 sed

138 727 160 792 5
181 735 274 796 etiam
288 736 434 816 populum
450 738 489 797 ad
505 737 652 799 iustitiam
667 737 808 800 instituit.

94 815 161 879 VII
267 821 378 885 Postea
402 823 467 883 dux
492 824 629 885 delectus
654 842 715 884 une
740 841 809 884 oum
837 819 962 884 Cimone
986 823 1027 883 ad
1052 822 1163 886 Persas

181 907 262 970 bello
283 909 508 990 persequendos
528 909 701 970 innocentia
715 928 770 969 sua
787 907 899 982 effecit,
922 910 958 968 ut
979 926 1086 970 omues
1100 909 1163 971 fere

182 993 323 1055 civitates
338 991 487 1057 Graeciae
507 995 546 1056 ad
560 993 794 1056 Atheniensium
817 994 993 1056 societatem
1008 1014 1046 1054 se
1068 996 1162 1077 appli-

182 1083 287 1141 carent
305 1082 337 1141 et
358 1079 506 1141 adversus
526 1081 673 1142 barbaros
699 1081 753 1140 hos
779 1082 872 1141 duces
897 1080 1072 1159 deligerent
1098 1080 1162 1156 sibi,

119 1156 160 1223 10
182 1165 362 1246 praesertim
378 1183 446 1225 cum
460 1163 631 1228 Pausaniae
645 1166 788 1247 superbia
810 1170 841 1226 et
859 1164 1034 1246 arrogantia
1048 1167 1163 1228 factum

182 1253 281 1326 esset,
307 1255 342 1310 ut
368 1251 502 1312 omnium
524 1253 618 1312 animi
639 1251 920 1313 aLacedaemoniis
940 1256 1162 1313 averterentur.

182 1334 251 1405 Quo
266 1336 386 1396 facilius
400 1337 546 1401 barbaros
561 1337 753 1417 repellerent,
776 1338 815 1398 ad
830 1339 945 1398 classes
960 1337 1164 1400 aedificandas

182 1421 397 1503 exercitusque
429 1424 646 1505 comparandos
678 1426 824 1502 quantum
854 1423 1001 1505 pecuniae
1026 1443 1163 1505 quaeque

182 1506 291 1568 civitas
303 1510 399 1584 daret,
416 1509 569 1571 Aristides
580 1510 716 1571 delectus
729 1513 785 1586 est,
797 1510 849 1590 qui
861 1509 1069 1584 constitueret,
1088 1511 1164 1571 eius·

119 1584 159 1650 15
182 1613 240 1673 que
255 1595 381 1656 arbitrio
402 1596 612 1676 quadringena
631 1601 662 1657 et
681 1614 837 1674 sexagena
862 1595 978 1657 talenta
1002 1596 1164 1674 quotannis

181 1677 292 1739 Delum
318 1683 393 1740 sunt·
415 1681 533 1742 collata.
579 1683 617 1743 Id
644 1681 723 1742 enim
746 1700 902 1741 commune
923 1681 1077 1741 aerarium
1097 1701 1165 1742 esse

181 1764 357 1840 voluerunt,
385 1765 435 1827 cui
460 1769 602 1846 quaestor
627 1767 808 1828 constitutus
829 1771 877 1828 est
897 1764 1057 1827 Aristides.
1104 1767 1165 1828 Hio

181 1868 242 1930 qua
255 1849 348 1910 fuerit
363 1851 555 1927 abstinentia,
571 1852 689 1913 nullum
705 1857 751 1912 est
767 1852 880 1913 certius
900 1852 1056 1928 indicium,
1072 1872 1164 1932 quam

182 1937 262 2017 quod
285 1955 355 1997 cum
382 1928 475 1998 tantis
494 1939 586 1999 rebus
601 1938 797 2019 praefuisset,
825 1939 857 1999 in
880 1940 964 1999 tanta
983 1943 1165 2018 paupertate

117 2010 160 2077 20
182 2023 323 2098 decessit,
337 2027 372 2083 ut
386 2024 468 2084 unde
482 2023 648 2097 efferretur,
663 2042 724 2084 non
738 2023 933 2103 relinqueret.
964 2022 1033 2093 Quo
1049 2024 1166 2086 factum

181 2111 238 2184 est,
261 2111 296 2170 ut
317 2109 438 2190 publice
459 2113 491 2170 et
505 2110 571 2190 ipse
586 2109 767 2190 sepeliretur
783 2114 813 2170 et
828 2109 910 2170 filiae
926 2109 992 2170 eius
1007 2109 1165 2172 alerentur

183 2198 214 2254 et
229 2195 267 2254 de
283 2195 434 2256 communi
449 2196 565 2256 aerario
581 2195 702 2256 dotibus
718 2196 798 2257 datis
814 2195 1045 2258 collocarentur.
1081 2195 1167 2258 Mor·

181 2284 269 2340 tuum
285 2299 354 2340 eum
369 2299 436 2341 esse
450 2280 503 2342 alii
518 2280 711 2344 tradiderunt
725 2281 757 2342 in
770 2281 878 2357 Ponto,
893 2281 1021 2342 missum
1034 2281 1113 2342 illuc
1127 2283 1167 2344 ad

117 2438 161 2503 25
181 2364 768 2535 liilltttulltddlillitati
786 2365 1168 2533 titilltlpittli

340 2497 348 2525 ,
931 2500 937 2511 .

182 2537 247 2597 eius
262 2537 430 2617 posteriore
445 2549 581 2621 tempore
596 2538 627 2599 in
643 2542 732 2619 portu
747 2539 878 2601 Phalero
893 2539 1121 2623 ostendebatur.

571 2831 774 2842 *ιι-..-

457 3144 461 3151 ·
492 3033 564 3114 lv.
596 3033 855 3116 Pausanias.

145 3203 379 3295 IPnusrrrns,
411 3218 597 3282 Cleombroti
622 3221 720 3297 filius,
756 3221 1012 3284 Lacedaemonius
1037 3242 1169 3304 maguus

189 3307 287 3379 homo,
303 3307 358 3367 sed
372 3305 477 3368 varius
493 3306 526 3367 in
540 3307 622 3367 omni
635 3326 749 3385 genere
764 3306 848 3368 vitae
861 3308 927 3369 fuit.
962 3307 1043 3369 Nam
1057 3313 1093 3370 ut
1106 3309 1170 3370 vir-

185 3392 301 3454 tutibus
316 3392 430 3469 eluxit,
453 3392 498 3453 sio
519 3392 605 3453 vitiis
628 3396 675 3454 est
696 3394 830 3455 obrutus.
874 3394 976 3455 Huius
996 3395 1169 3457 illustrissi-

185 3498 269 3540 mum
283 3477 402 3541 facinus
417 3483 465 3540 est
479 3478 629 3559 proelium
644 3479 683 3540 ad
694 3477 837 3541 Plataeas
848 3480 1051 3543 commissum.
1074 3480 1169 3544 Nam·

141 3559 164 3623 5
185 3584 244 3644 que
258 3565 316 3627 hoc
331 3565 407 3626 duce
422 3563 611 3640 Mardonius,
627 3571 766 3647 satrapes
780 3566 896 3645 regius,
911 3568 1033 3628 natione
1047 3565 1170 3642 Medus,
