2504 4080
383 210 456 272 vn.
479 208 710 273 LYSANDER.
999 210 1042 276 43

52 380 335 553 lellllltl
352 381 1043 549 illinitafflltinfiqiffiiiii

51 514 179 615 summa
204 551 304 613 virtus
327 551 360 612 in
384 551 533 634 patientia
556 514 740 635 ponebatur',
775 554 820 615 sic
850 553 982 616 duritiae
1006 575 1041 616 se

52 639 197 714 dedisse,
218 641 255 700 ut
276 636 460 719 parsimonia
483 638 584 701 victus
606 642 698 718 atque
713 638 812 700 uultus
827 658 932 701 omnes
946 639 1040 702 Iace-

51 724 234 788 daemonios
253 722 404 805 vinceret3
423 722 519 785 fuisse
540 724 621 807 apud
643 725 785 800 Thracas,
801 724 940 786 homines
953 725 1039 789 vino·
1060 722 1083 788 ὃ

50 810 156 871 lentos
165 811 196 870 et
206 807 398 871 libidinosos:
411 808 468 870 hos
482 829 602 890 quoque
616 809 648 871 in
662 810 710 871 his
721 808 814 872 rebus
825 809 1039 884 antecessisse;

53 895 179 956 venisse
202 893 242 956 ad
254 891 382 969 Persas,
406 894 488 977 apud
508 915 582 977 quos
603 915 723 958 summa
741 896 810 957 laus
824 898 907 957 esset
920 896 1041 958 fortiter

51 979 172 1054 venam,
194 978 353 1067 luxuriose
367 979 489 1042 uivere:
510 981 619 1042 horum
643 981 687 1041 sic
707 981 861 1043 imitatum
881 984 1040 1045 consuetu·

49 1066 174 1141 dinem,
199 1068 236 1126 ut
259 1061 308 1127 illi
331 1064 392 1147 ipsi
414 1084 485 1127 eum
504 1065 536 1127 in
563 1066 612 1128 his
644 1067 779 1129 mamma
806 1067 1039 1130 admirarentur.

49 1150 177 1222 Quibus
191 1150 283 1212 rebus
298 1148 447 1227 effecisse,
469 1155 505 1214 ut
518 1152 600 1234 apud
619 1170 824 1234 quoscumque
839 1162 933 1227 esset,
957 1153 1040 1234 prin·
1063 1150 1105 1216 10

47 1254 128 1319 oeps
142 1236 308 1319 poneretur
320 1236 544 1319 habereturque
557 1237 739 1299 carissimus.

368 1727 463 1811 vu.
490 1729 722 1832 Lysander.

51 1904 220 1981 Lissnonn
254 1918 513 1981 Lacedaemonius
549 1918 645 2000 stirpe
681 1917 917 1980 Heraclidarum
953 1919 1077 1980 ortusI

15 2046 19 2051 -
53 2024 200 2086 maguam
215 2005 264 2066 sui
277 2003 402 2085 reliquit
415 2004 527 2067 famam
542 2023 603 2065 non
618 2004 717 2065 solum
731 2005 855 2079 virtute,
877 2005 932 2065 sed
947 2002 1039 2065 etiam

53 2091 205 2154 felicitate
219 2092 346 2173 partam
370 2089 462 2151 Hunc
475 2089 648 2171 accepimus
662 2090 863 2152 fortissimum
878 2091 910 2150 et
924 2089 1038 2170 patien-

53 2176 225 2252 tissimum,
248 2175 379 2237 eundem
400 2175 534 2237 omnium
549 2175 795 2237 versutissimum
809 2174 919 2250 fuisse3
942 2173 1040 2235 multa

54 2262 123 2333 eius
147 2261 322 2343 superbiae,
344 2260 549 2336 crudelitatis,
577 2261 722 2342 perfidiae
744 2261 887 2343 exempla
907 2263 1038 2335 exstant,
1061 2259 1082 2324 5

10 2380 13 2385 ·
53 2367 95 2411 cx
108 2346 220 2427 quibus
234 2366 329 2409 uuum
343 2346 419 2409 satis
433 2347 492 2407 erit
507 2347 651 2445 prolerre.
695 2345 803 2409 Victor
823 2367 864 2410 ex
878 2345 956 2407 Asia
970 2364 1040 2407 oum

53 2434 265 2495 reverteretur
279 2431 473 2512 Thasumque
488 2432 671 2507 divertisset,
688 2452 766 2514 quae
780 2433 881 2495 insula
895 2433 934 2494 ab
945 2429 1040 2493 Athe·

55 2517 214 2581 niensibus
228 2518 381 2579 defecerat
394 2521 486 2598 atque
500 2518 611 2579 iterum
625 2517 875 2580 Lacedaemoniis
890 2537 923 2578 se
943 2516 1040 2598 appli-

10 2620 14 2665 :
53 2606 192 2678 caverat,
208 2603 300 2678 cives,
317 2604 369 2683 qui
383 2605 475 2665 rebus
489 2601 723 2665 Atheniensium
737 2605 891 2678 faverent,
916 2621 1039 2685 peruer-

56 2692 124 2751 tere
137 2689 313 2772 concupivit
358 2689 446 2750 Vidit
460 2692 562 2750 autem
578 2688 637 2749 nisi
652 2688 684 2749 in
700 2707 735 2750 eo
750 2689 917 2750 occultaret
931 2688 1038 2748 volun·
1064 2686 1106 2752 10

57 2777 169 2850 tatem,
195 2775 345 2850 futurum,
375 2779 411 2835 ut
436 2774 644 2835 dilaberentur
670 2773 923 2852 consulerentque
947 2772 1039 2832 rebus

54 2860 130 2922 suis.
176 2859 285 2940 Itaque
300 2860 348 2920 his
362 2859 394 2920 in
409 2859 599 2921 sanctissimo
615 2857 759 2920 Herculis
780 2858 851 2920 iano
870 2857 963 2918 fidem
977 2857 1040 2932 dat,

56 2945 211 3025 nemiuem
225 2965 244 3006 a
258 2966 291 3007 se
306 2945 455 3007 violatum
471 2945 517 3006 iri.
564 2943 711 3014 Quicum
733 2944 798 3005 sine
821 2946 904 3004 metu
929 2943 961 3004 in
988 2963 1042 3025 pu-

56 3031 140 3094 blico
154 3033 363 3106 versarentur,
379 3041 449 3111 post
463 3050 576 3110 paucos
592 3030 658 3091 dies
673 3029 839 3092 maximam
854 3048 960 3091 eorum
975 3048 1042 3092 cae·

56 3118 129 3179 dem
144 3116 249 3178 edidit.
287 3117 375 3177 Idem
390 3116 531 3178 dictitare
546 3116 653 3179 solitus
669 3118 725 3192 est,
741 3115 794 3178 ubi
808 3116 897 3198 pellis
920 3116 1043 3178 leonina
1067 3114 1106 3179 15

55 3221 118 3265 uon
145 3200 312 3277 sufficeret,
343 3202 503 3282 vulpinam
528 3203 741 3264 assumendam
767 3222 849 3279 esse,
876 3204 907 3263 et
931 3221 1041 3284 pueros

54 3288 149 3366 aleis,
180 3288 264 3350 uiros
287 3287 482 3350 iureiurando
517 3287 721 3369 decipiendos.
789 3289 828 3349 In
861 3286 1041 3354 commercio

54 3377 161 3438 autem
186 3392 361 3437 sermonum
387 3373 502 3435 salibus
528 3374 640 3436 amaris
668 3374 812 3436 utebatur
837 3377 869 3435 et
894 3373 1041 3435 acerrime

55 3460 269 3542 respondebat.
314 3458 432 3538 Legato
447 3458 676 3538 Megarensium
691 3459 724 3520 in
744 3457 894 3538 colloquio
914 3457 1041 3519 liberius

53 3543 172 3609 dicenti
193 3544 323 3608 Verba
343 3548 424 3620 tua,
447 3565 465 3607 o
485 3545 593 3620 bone,
615 3544 728 3626 inquit,
755 3543 919 3606 maioris
945 3540 1041 3605 civi·
1063 3539 1107 3608 20
