2504 4080
167 225 230 292 118
473 224 584 287 XXII.
608 223 837 287 HANNIBAL.

165 399 268 461 verba.
319 396 458 477 Namque
488 398 618 458 obducta
646 399 736 458 nocte
763 399 918 458 sarmenta
948 397 980 458 in
1011 398 1150 460 cornibus

166 486 364 546 iuvencorum
389 484 526 562 deligata
552 483 687 543 incendit
713 482 838 562 eiusque
864 483 987 561 generis
1018 486 1152 546 multitu·

167 571 268 631 dinem
292 587 436 649 magnam
457 570 591 649 palatam
613 569 645 628 in
668 571 786 630 montes
807 569 942 630 immisit.
989 568 1056 640 Qui
1081 590 1150 633 varo

168 656 207 717 ad
228 656 390 716 transitum
412 656 507 717 saltus
523 655 715 714 insidendum
730 655 824 715 locati
838 658 934 730 erant,
958 655 1013 716 ubi
1028 657 1061 716 in
1076 676 1151 717 sum·

120 743 144 806 5
166 743 224 802 mis
246 742 400 803 montibus
423 759 459 802 ac
482 760 574 821 super
596 760 629 800 se
652 741 798 819 quosdam
813 741 900 820 ignes
916 746 1150 821 conspexerunt,

166 829 389 888 circumventos
420 847 453 887 se
482 827 542 886 rati
570 826 722 908 praesidio
752 829 959 887 excesserunt.
1013 826 1057 888 Et
1083 829 1151 888 dum

165 914 296 975 Romani
312 915 398 974 velut
420 913 568 974 miraculo
592 912 713 973 attoniti
734 917 821 972 extra
835 912 954 973 uallum
970 913 1081 990 egredi
1094 933 1148 976 non

165 1001 286 1075 audent,
302 1001 419 1060 interea
429 997 584 1059 Hannibal
595 1002 693 1059 totum
705 1016 815 1074 agmen
830 1016 886 1077 per
900 998 999 1058 saltus
1016 999 1147 1060 traduxit

169 1090 200 1148 et
215 1087 246 1146 in
262 1104 336 1163 agro
353 1085 487 1145 Allifano
502 1084 605 1164 posuit
620 1087 729 1145 castra.

102 1172 145 1236 10
159 1173 189 1232 V
254 1171 342 1231 Hanc
368 1172 438 1248 post
463 1188 528 1229 rem
554 1173 674 1246 gestam
700 1188 761 1229 non
787 1168 830 1229 ita
856 1168 962 1228 multis
991 1170 1100 1230 diebus
1118 1170 1147 1230 in

165 1256 279 1336 Apulia
299 1256 340 1314 M.
365 1254 533 1315 Minucium
547 1255 677 1331 Rufum,
703 1254 884 1334 magistrum
906 1254 1063 1333 equitum,
1088 1255 1150 1335 pari

165 1361 200 1403 ac
216 1342 396 1401 dictatorem
416 1340 542 1420 imperio
565 1341 635 1402 dolo
655 1341 686 1399 in
701 1340 851 1419 proelium
866 1340 1052 1419 productum
1066 1342 1149 1420 fuga·

164 1427 211 1489 vit
232 1428 357 1507 eiusque
380 1428 549 1488 exercitum
576 1427 756 1503 delevisset,
782 1426 841 1486 nisi
867 1425 983 1486 Fabius
1010 1427 1150 1502 dictator,

164 1514 252 1574 velut
275 1515 358 1575 coelo
383 1513 532 1573 demissus
557 1515 682 1593 repente
707 1511 823 1572 arrxilio
848 1512 1035 1572 advenisset.
1083 1513 1149 1582 Quo

101 1597 143 1663 1-5
167 1601 244 1662 lactc
259 1599 465 1660 Hannibalem
480 1620 520 1660 ex
534 1599 599 1659 acie
613 1598 792 1658 redeuntem
814 1597 929 1657 dixisse
944 1597 1066 1672 ferunt,
1089 1604 1151 1661 tan·

166 1687 324 1746 dameam
345 1684 471 1758 nubem,
499 1703 577 1763 quae
599 1684 705 1744 sedere
727 1683 759 1742 in
780 1682 862 1762 iugis
884 1682 1035 1743 montium
1062 1685 1150 1746 solita

165 1773 260 1844 essct,
288 1789 357 1830 cum
382 1771 517 1850 procella
542 1770 655 1830 imbres
685 1768 813 1829 dedisse.
864 1766 953 1845 Anno
981 1769 1151 1849 insequenti

165 1857 225 1918 duo
241 1857 389 1931 consules,
406 1856 543 1916 homines
558 1855 679 1934 ingenio
701 1853 914 1928 diversissimi,
939 1851 972 1915 O.
990 1854 1150 1917 Terentius

165 1943 264 2004 Varro
288 1945 319 2003 et
339 1942 372 2002 L.
396 1941 547 2002 Aemilius
569 1940 697 2015 Paulus,
723 1940 816 2001 creati
839 1943 924 2012 sunt,
948 1960 1080 2019 quorum
1103 1940 1151 2002 hic

99 2026 143 2093 20
165 2029 340 2108 exemplum
354 2027 442 2088 Fabii
463 2031 585 2087 secutus
605 2046 670 2086 rem
691 2025 839 2087 trahendo
854 2025 1063 2086 Hannibalem
1085 2027 1151 2087 fati·

164 2135 239 2194 gare
250 2114 399 2188 studebat,
416 2114 469 2174 ille
479 2113 561 2174 omni
573 2112 672 2172 animo
686 2112 724 2172 ad
735 2111 974 2191 depugnandum
985 2112 1149 2173 ferebatur.

164 2200 207 2260 Hi
222 2200 261 2260 ad
278 2197 405 2272 Cannas,
421 2199 524 2259 vicum
539 2196 680 2278 Apuliae,
696 2197 824 2277 proiecti
839 2201 923 2271 sunt,
949 2215 1046 2276 prope
1062 2217 1151 2278 quem

165 2285 320 2346 Hannibal
340 2288 440 2345 castra
461 2287 618 2364 posuerat,
643 2302 752 2344 aversa
767 2301 785 2343 a
800 2282 951 2343 Vulturno
966 2287 1078 2359 vento,
1100 2282 1151 2363 qui

165 2371 198 2430 in
218 2370 333 2448 campis
353 2370 416 2429 illis
439 2371 528 2431 siccis
550 2371 580 2429 et
606 2369 741 2429 arenosis
767 2368 862 2428 nubes
889 2368 1027 2448 pulveris
1054 2369 1147 2430 vehit

99 2454 144 2523 25
168 2453 245 2516 Cum
265 2455 303 2515 ad
324 2453 562 2535 depugnandum
576 2455 849 2534 congrederentur,
876 2452 1031 2514 Hannibal
1054 2454 1151 2516 aciem

165 2542 210 2604 ita
228 2540 388 2615 instruxit,
414 2541 495 2600 ntis
516 2543 627 2601 ventus
649 2540 711 2600 suis
737 2540 846 2619 copiis,
875 2539 907 2599 in
927 2540 1153 2618 septentriones

165 2627 279 2703 versis,
302 2646 320 2689 a
342 2629 429 2708 tergo
445 2628 538 2700 esset,
559 2625 705 2688 Romanis
721 2626 868 2685 adversus
884 2627 1004 2686 coortus
1019 2626 1153 2687 multum

165 2713 302 2794 pulueris
325 2713 357 2773 in
380 2714 448 2794 ipsa
468 2732 522 2774 ora
542 2713 671 2774 volvens
695 2714 888 2791 prospectum
904 2710 1062 2773 adimeret.
1107 2711 1153 2773 Eo

166 2802 262 2880 igitur
285 2800 349 2875 die,
372 2820 431 2880 quo
447 2798 607 2859 Terentius
628 2796 755 2877 imperio
771 2799 911 2876 praeerat
926 2793 1012 2879 (nam
1027 2797 1154 2858 alternis

99 2882 146 2951 30
168 2887 285 2945 uicibus
306 2882 512 2968 imperabant)
533 2884 683 2965 proelium
705 2882 870 2955 commisit,
893 2901 952 2961 quo
968 2881 1101 2944 Romani
1123 2884 1155 2944 et

166 2974 290 3050 propter
308 2971 499 3049 iniquitatem
519 2970 578 3032 loci
598 2972 630 3031 et
650 2969 721 3049 quia
735 2967 891 3029 Hannibal
906 2968 937 3027 in
952 2967 1082 3047 planitie
1097 2968 1153 3029 illa

165 3057 229 3116 lata
254 3054 367 3134 optime
393 3057 545 3136 equitibus
565 3056 612 3116 uti
637 3057 771 3135 poterat,
797 3053 856 3114 fusi
882 3052 1042 3133 fugatique
1068 3056 1150 3116 sunt.

166 3140 242 3202 Plus
264 3140 483 3219 quinquaginta
505 3141 590 3202 milia
611 3140 818 3201 Romanorum
841 3138 893 3198 vel
907 3139 939 3199 in
955 3158 1061 3219 pugna
1075 3140 1152 3222 ipsa,

167 3227 220 3289 vel
234 3225 265 3287 iu
280 3225 355 3306 fuga
370 3226 469 3286 occisa
483 3229 562 3301 sunt,
578 3226 610 3285 in
625 3225 662 3284 iis
674 3223 824 3285 Aemilius
836 3223 951 3286 Paulus
966 3225 1083 3300 consul,
1099 3225 1152 3306 qui

99 3311 147 3380 35
169 3312 333 3375 fortissime
346 3329 486 3391 pugnans
502 3309 582 3372 cladi
596 3313 751 3390 superstes
767 3329 834 3371 esse
855 3310 968 3384 noluit;
991 3310 1153 3373 Terentius

167 3400 266 3463 Varro
292 3396 414 3478 effugit,
446 3395 496 3457 cui
520 3395 814 3461 Romamredsunti
839 3395 1001 3456 universus
1026 3399 1153 3459 senatus

167 3486 290 3547 obviam
315 3484 414 3546 sactus
429 3481 546 3564 gratias
569 3482 647 3562 egit,
674 3482 755 3563 quod
777 3482 816 3543 de
839 3481 996 3562 republica
1016 3501 1078 3543 non
1099 3482 1155 3544 de·

168 3572 329 3650 sperasset.
