2504 4080
501 237 686 303 armeus,
1019 236 1082 304 135

102 414 193 472 raret.
230 410 281 471 Ex
296 430 354 490 quo
375 409 505 473 iudicari
520 413 619 491 potest
633 431 693 473 non
707 412 825 488 inertia,
840 413 895 473 sed
911 412 1021 474 iudicio
1036 414 1082 473 fu-

103 497 186 576 gisse
200 494 246 557 rei
260 498 400 577 publicae
415 498 664 578 procurationem.

189 580 396 643 Humanitatis
411 602 484 643 vero
506 584 624 644 nullum
640 582 747 645 afferre
761 584 858 644 maius
874 584 1079 647 testimonium
1086 584 1170 649 XVI

102 688 235 750 possum,
257 688 347 748 quam
363 670 443 748 quod
464 669 640 730 adolescens
664 670 745 730 idem
767 670 832 730 seni
847 668 951 730 Sullae
964 671 1023 730 fuit
1036 671 1080 730 iu·

103 755 314 831 candissimus‚
330 774 425 815 senex
439 756 623 816 adolescenti
640 756 682 817 M.
699 753 804 830 Bruto,
821 774 889 816 cum
904 757 1080 835 aequalibus
1103 754 1125 820 5

102 846 205 901 autem
220 842 283 899 suis
298 840 335 910 Q.
352 840 516 901 Hortensio
532 846 563 901 et
576 840 618 901 M.
633 839 779 902 Cicerone
793 842 837 901 sic
851 842 940 917 vixit,
956 844 990 901 ut
1004 842 1081 903 iudi-

103 944 173 986 care
189 927 312 986 difficile
328 927 376 1000 sit,
393 927 442 986 cui
457 928 550 988 aetati
564 926 657 987 fucrit
671 928 854 1007 aptissimus.
888 927 1081 1006 Quamquam

102 1032 172 1072 eum
196 1012 357 1092 praecipue
379 1012 490 1073 dilexit
513 1011 633 1087 Cicero,
662 1022 697 1073 ut
722 1033 760 1073 ne
784 1013 877 1074 frater
907 1010 1030 1092 quidem
1052 1014 1081 1074 ei

103 1096 238 1166 Quintus
254 1099 350 1158 carior
364 1098 457 1159 fuerit
472 1106 523 1159 aut
538 1098 726 1159 familiarior.
772 1098 810 1159 Ei
825 1099 869 1159 rei
885 1103 955 1159 sunt
970 1099 1080 1159 indicio

102 1188 224 1263 praeter
239 1203 291 1243 eos
305 1184 408 1260 libros,
430 1185 460 1244 in
476 1185 584 1264 quibus
600 1185 638 1243 de
659 1205 694 1245 eo
715 1186 788 1245 facit
810 1185 1009 1261 mentionem,
1031 1185 1083 1265 qui
1105 1183 1148 1248 10

103 1269 136 1328 in
157 1269 269 1347 vulgus
291 1274 361 1328 sunt
381 1270 468 1345 editi,
493 1271 626 1331 sedecim
647 1270 805 1331 volumina
826 1272 1023 1351 epistolarum
1043 1272 1082 1332 ab

102 1355 262 1414 consulatu
286 1355 351 1414 eius
372 1376 468 1436 usque
491 1359 531 1417 ad
553 1360 724 1417 extremum
746 1362 865 1436 tempus
885 1357 924 1417 ad
943 1355 1081 1419 Atticum

103 1441 274 1501 missarum.
319 1440 406 1510 Quae
430 1443 480 1520 qui
503 1443 589 1521 legat
603 1463 663 1503 non
678 1443 807 1502 multum
823 1443 974 1502 desideret
988 1443 1081 1504 histo·

103 1528 182 1586 riam
199 1529 372 1586 contextam
394 1548 499 1588 eorum
522 1534 699 1607 temporum.
747 1526 796 1588 Sic
819 1528 899 1587 enim
920 1528 1021 1589 omnia
1042 1530 1081 1589 de

102 1613 212 1673 studiis
227 1613 406 1691 principum,
422 1614 506 1674 vitiis
518 1615 639 1690 ducum,
655 1613 873 1675 mutationibus
884 1613 928 1673 rei
940 1614 1080 1694 publicae
1104 1611 1147 1677 15

100 1699 272 1779 perscripta
298 1702 383 1772 sunt,
410 1704 445 1759 ut
469 1701 545 1760 nihil
571 1701 603 1759 in
630 1701 674 1761 eis
689 1719 749 1760 nou
765 1710 922 1780 appareat,
946 1703 977 1758 et
991 1700 1082 1760 facile

101 1784 271 1846 existimari
295 1785 391 1863 possit
412 1786 604 1864 prudentiam
632 1786 852 1865 quodammodo
875 1805 942 1846 esse
964 1785 1080 1846 divina-

100 1871 222 1931 tionem.
259 1869 329 1930 Non
344 1871 423 1931 enim
440 1868 544 1932 Cicero
561 1890 598 1932 ea
613 1872 720 1946 solum,
741 1890 818 1950 quae
833 1872 904 1931 vivo
922 1871 985 1950 [se]
1003 1871 1080 1931 acci-

99 1956 220 2029 derunt,
233 1956 335 2015 futura
345 1957 506 2036 praedixit,
520 1957 573 2017 sed
585 1958 686 2032 etiam,
698 1977 775 2037 quae
786 1975 865 2016 nuno
875 1977 932 2016 usu
943 1956 1078 2031 veniunt,

104 2041 212 2101 cecinit
227 2045 261 2101 ut
275 2047 369 2103 rates.
1101 2039 1146 2106 20

166 2127 211 2186 De
233 2128 346 2206 pietate
369 2132 471 2188 autem
492 2127 587 2189 Attici
608 2128 680 2207 quid
701 2128 789 2207 plura
804 2128 1058 2189 commemorem?
1070 2127 1165 2191 XVII

99 2231 171 2273 cum
191 2215 250 2274 hoc
269 2213 369 2293 ipsum
389 2234 463 2274 vere
484 2214 665 2293 gloriantem
687 2214 835 2274 audierim
850 2214 882 2273 in
896 2214 1001 2274 funere
1017 2233 1079 2274 ma-

101 2299 158 2361 tris
173 2317 262 2374 suae,
291 2318 381 2379 quam
406 2300 517 2360 extulit
539 2319 686 2360 annorum
706 2299 885 2377 nonaginta,
916 2318 985 2359 cum
1013 2299 1080 2379 ipse

100 2388 183 2444 essct
209 2388 325 2463 septem
352 2389 383 2446 et
402 2386 578 2464 sexaginta,
606 2405 638 2445 se
658 2404 823 2464 numquam
846 2404 914 2445 cum
935 2390 1033 2447 matre
1048 2386 1080 2447 in

99 2469 234 2548 gratiam
244 2470 368 2544 redisse,
384 2491 547 2550 numquam
561 2488 630 2531 cum
646 2490 749 2532 sorore
762 2471 857 2531 fuisse
871 2471 903 2531 in
915 2470 1078 2546 simultate,
1100 2468 1145 2534 25

100 2574 191 2633 quam
217 2574 311 2635 prope
335 2558 493 2635 aequalem
518 2557 658 2618 babebat:
686 2558 767 2636 quod
792 2562 840 2617 est
862 2557 998 2635 signum,
1027 2561 1079 2616 aut

100 2641 216 2702 nullam
238 2661 382 2720 umquam
402 2643 482 2703 inter
501 2662 553 2702 eos
569 2643 788 2722 querimoniam
804 2642 1012 2703 intercessisse
1028 2645 1081 2702 aut

100 2727 181 2786 hunc
196 2746 232 2787 ea
247 2727 341 2787 fuisse
355 2728 386 2787 in
402 2748 473 2789 suos
487 2728 686 2807 indulgentia,
703 2733 738 2790 ut
752 2748 827 2808 quos
842 2746 944 2788 amare
955 2728 1080 2789 deberet

99 2812 192 2872 irasci
213 2813 257 2873 eis
278 2814 364 2874 nefas
384 2814 517 2875 duceret.
561 2814 668 2894 Neque
689 2815 720 2876 id
742 2814 816 2877 lecit
840 2817 949 2875 natura
972 2811 1079 2889 solum,

100 2916 284 2975 quamquam
299 2918 403 2962 omnes
418 2901 446 2961 ei
460 2918 609 2980 paremus,
633 2900 794 2961 sedetiam
809 2900 954 2961 doctrina.
999 2899 1080 2962 Nam
1101 2896 1145 2964 30

100 2983 274 3063 principum
293 2986 540 3065 philosophorum
561 2986 605 3048 ita
623 2990 767 3067 percepta
788 2985 893 3049 habuit
908 2990 1078 3067 praccepta,

98 3072 136 3129 >ut
151 3069 195 3129 eis
210 3069 249 3129 ad
262 3070 358 3131 vitam
372 3071 531 3151 agendam,
552 3091 613 3133 non
632 3072 670 3133 ad
685 3072 918 3134 ostentationem
932 3076 1078 3133 uteretur⁴

144 3153 240 3215 Moris
255 3156 347 3217 etiam
360 3158 510 3219 maiorum
524 3179 660 3219 summus
680 3158 814 3221 imitator
833 3158 894 3220 fuit
906 3159 1034 3238 antiqui·
1050 3155 1169 3219 XVIII

99 3241 232 3319 tatisquc
246 3246 378 3305 amator:
405 3263 495 3322 quam
517 3245 592 3305 adeo
615 3245 780 3324 diligenter
793 3242 902 3307 habuit
916 3244 1078 3324 cognitam,

99 3330 136 3387 ut
161 3345 230 3389 eam
255 3331 350 3389 totam
375 3328 407 3389 in
430 3348 465 3391 eo
493 3329 648 3391 volumine
674 3331 864 3411 exposuerit,
898 3349 957 3409 quo
983 3328 1079 3407 magi-
1099 3323 1146 3390 35

93 3413 389 3475 stratusordinarit.
412 3414 508 3477 Nulla
518 3415 598 3476 enim
609 3416 663 3477 lex
673 3437 771 3497 neque
781 3437 844 3498 pax
854 3434 952 3494 neque
963 3414 1078 3475 bellum

100 3518 199 3577 neque
212 3518 263 3560 res
277 3499 407 3561 illustris
422 3505 469 3563 est
482 3501 588 3582 populi
602 3501 741 3578 Romani,
762 3520 840 3582 quae
853 3520 914 3562 non
928 3500 960 3560 in
975 3519 1010 3563 co
1025 3518 1079 3562 stac

101 3585 239 3666 tempore
252 3585 294 3649 sit
307 3588 420 3664 notata,
436 3590 469 3648 et
482 3587 562 3669 quod
576 3586 791 3651 difficillimum
805 3586 872 3662 luit,
891 3585 937 3647 sic
950 3585 1081 3651 familia-
