2504 4080
304 302 310 313 .
335 244 425 307 VIII.
450 242 759 309 THRASYBULUS.
865 239 867 243 ’
995 242 1035 306 51

53 415 203 491 tulerunt,
218 416 250 475 et
265 414 297 475 iu
312 415 531 478 carumlocum
547 416 652 477 decem
665 416 734 491 riri,
751 416 865 496 singuli
880 436 920 477 ex
935 416 1040 497 singu·

52 502 93 563 lis
116 500 270 575 tribubus,
295 500 413 562 suffecti
435 507 514 562 suut.
559 501 602 562 Hi
626 504 728 562 autem
749 505 867 564 tantum
882 504 989 564 aberat
1006 506 1040 564 ut

52 586 216 669 pristinam
230 585 404 648 libertatem
418 588 625 662 restituerent,
641 592 676 647 ut
686 588 763 649 nihil
775 589 917 669 exemplo
928 589 1039 668 prioris

54 671 270 735 dominationis
285 672 384 733 territi
400 674 528 733 eandem
539 673 621 735 viam
633 673 823 735 crudelitatis
834 674 1038 753 aggrederen-

52 764 112 821 tur.
158 756 226 826 Quo
253 758 367 819 factum
394 766 456 834 est,
482 764 517 819 ut
542 760 573 820 in
599 760 666 820 dies
691 760 788 820 maior
813 759 977 820 multitudo
1000 759 1039 820 ad
1060 754 1082 818 5

54 843 283 923 Thrasybulum
300 844 332 904 in
345 843 507 905 Piraeeum
523 845 694 906 conflueret.

142 928 277 1009 Tyranni
306 930 504 1010 desperantes
529 950 563 991 se
588 932 751 1011 imperium
776 930 914 992 obtinere
938 948 1036 1009 posse,
1059 926 1107 991 IV

55 1014 206 1079 auxilinm
222 1034 241 1076 a
254 1014 502 1078 Lacedaemoniis
517 1016 700 1096 petiverunt,
722 1017 864 1097 aquibus
879 1015 1040 1096 Lysander

56 1120 127 1164 cnm
139 1098 238 1180 Libye
252 1101 347 1162 fratre
362 1103 473 1164 missus
487 1101 647 1164 Piraeeum
662 1106 745 1165 terra
759 1104 896 1183 marique
911 1101 1037 1163 obsedit.

54 1186 158 1266 Atque
173 1191 274 1247 actum
288 1191 355 1247 erat
365 1188 404 1248 de
416 1187 616 1268 Thrasybulo,
632 1189 691 1249 nisi
701 1188 869 1251 Pausanias
880 1208 937 1248 rex
947 1187 1040 1249 Lace·
1064 1183 1106 1246 10

55 1271 292 1347 daemoniorum,
309 1274 360 1352 qui
373 1274 463 1353 paulo
475 1278 544 1354 post
555 1276 723 1336 exercitum
739 1276 919 1350 adduxerat,
934 1292 1041 1353 pacem

55 1357 289 1421 conciliavisset.
339 1359 372 1420 Is
402 1359 627 1440 Thrasybulum
654 1362 835 1435 commovit,
861 1363 896 1419 ut
921 1359 1041 1436 legatos

54 1441 197 1525 Spartam
211 1444 356 1519 mitteret,
374 1445 425 1524 qui
437 1445 475 1505 de
487 1445 702 1507 controversiis
714 1444 893 1504 dirimendis
904 1447 1039 1521 agerent.

55 1529 103 1591 hc
119 1529 286 1590 decemviri
301 1528 577 1592 aLacedaemoniis
593 1530 750 1591 constituti
764 1549 814 1590 res
829 1530 872 1590 ita
884 1547 1040 1609 composu-

56 1617 161 1690 erunt,
184 1623 219 1675 ιιι
239 1616 373 1696 ipsorum
396 1617 502 1697 copiae
516 1615 639 1677 domum
659 1615 810 1692 redirent,
831 1613 1041 1694 Thrasybulus
1064 1608 1107 1673 15

58 1720 130 1763 cnm
145 1701 209 1761 suis
223 1700 254 1760 ιιι
268 1702 375 1762 urbem
389 1702 585 1782 reciperetur,
600 1703 715 1777 decem,
731 1702 783 1780 qni
797 1702 829 1762 in
840 1701 967 1762 Piraeeo
985 1700 1040 1761 im·

57 1787 179 1868 perium
192 1786 369 1862 habuerant,
384 1786 563 1848 Eleusinem
578 1789 617 1849 ad
632 1791 749 1849 ceteros
764 1787 941 1866 migrarent.
965 1785 1040 1856 Qui-

56 1874 117 1935 bus
142 1872 233 1934 rcbus
258 1892 326 1934 cum
352 1892 416 1954 pau
442 1873 620 1935 confirmata
641 1893 710 1934 esse
731 1872 897 1947 videretur,
925 1871 1043 1950 aliquot

10 1954 13 1973 ²
56 1958 167 2021 diebus
198 1957 365 2019 interiectis
390 1967 517 2039 repente
549 1960 672 2039 tyranni
698 1979 759 2020 non
788 1959 887 2018 minus
918 1956 1041 2017 exsules

10 2098 13 2105 .
54 2043 228 2121 restitutos,
251 2062 343 2123 qnam
366 2063 399 2105 se
418 2046 450 2106 in
475 2044 618 2105 exsilium
642 2048 725 2106 actos
748 2064 815 2104 essa
837 2043 1041 2120 indignantes,
1063 2032 1106 2100 20

13 2148 16 2153 ·
57 2129 176 2193 bellum
189 2128 426 2191 Atheniensibus
441 2131 588 2205 inferunt;
604 2131 658 2191 sed
674 2130 714 2192 ad
729 2129 928 2209 colloquium,
944 2127 1040 2188 nelnt'

58 2214 293 2279 dominationem
316 2217 483 2296 recepturi,
506 2217 660 2297 progressi
682 2236 738 2297 per
759 2216 885 2277 insidias
908 2233 1043 2294 compre-

57 2300 148 2364 hensi
162 2300 359 2361 trucidantur.
383 2302 595 2383 Thrasybulus
610 2321 678 2363 cum
695 2303 853 2363 restitutus
869 2307 958 2375 esset,
975 2318 1043 2380 per-

57 2386 142 2463 lecIt,
157 2390 193 2447 nt
206 2387 391 2467 reipublicae
405 2389 576 2469 procuratio
591 2389 703 2469 populo
718 2388 905 2449 redderetur.
950 2384 1043 2446 Prae-

59 2474 178 2535 clarum
202 2472 259 2534 hoc
285 2491 403 2553 qnoque
430 2474 510 2549 eius,
542 2475 622 2553 qnod
648 2475 843 2536 reconciliata
874 2492 949 2554 pace
975 2491 1044 2532 cum
1065 2463 1108 2528 25

10 2634 16 2640 .
58 2558 226 2643 plurimum
246 2558 278 2619 ιιι
300 2559 424 2621 civitate
447 2563 564 2642 posset,
586 2560 688 2639 legem
709 2560 795 2635 tulit,
825 2578 864 2620 ne
886 2559 954 2639 quis
973 2561 1045 2620 ante

10 2700 12 2707 .
59 2648 200 2709 actarum
213 2663 315 2705 rerum
330 2651 524 2707 accusaretur
538 2666 617 2707 nere
632 2647 827 2719 multaretur3
849 2662 976 2721 eamque
997 2641 1045 2701 illi

10 2724 14 2787 i
59 2728 225 2794 obliuionis
247 2731 448 2812 appellarunt.
492 2732 599 2812 Neque
620 2751 694 2792 vero
715 2732 794 2791 hanc
814 2734 932 2790 tanturm
946 2722 1053 2788 feren-⁰

10 2821 18 2897 ζ’·
60 2817 134 2880 dam
147 2817 275 2892 curavit,
291 2817 345 2877 sed
359 2818 451 2879 etiam
465 2822 500 2879 ut
514 2819 633 2879 valeret
648 2815 754 2877 effecit.
799 2814 879 2875 Nam
895 2832 963 2873 cunr
979 2811 1044 2892 qui-

10 2906 13 2978 s
59 2904 133 2965 dam
147 2920 189 2963 ex
209 2902 263 2979 ιιι,
286 2903 337 2982 qni
359 2904 450 2965 simul
473 2923 542 2964 cum
562 2923 597 2965 ec
612 2903 645 2963 in
659 2902 754 2963 exilio
769 2902 897 2975 fuerant,
920 2899 1044 2960 caedem
1066 2887 1110 2953 30

59 2990 162 3053 boore
177 3006 280 3049 eornm
296 2988 425 3065 vellent,
449 2991 628 3069 quibuscum
648 2987 771 3069 publice
784 2988 816 3047 in
832 2986 964 3066 gratiam
980 2988 1046 3046 erat

10 3122 13 3127 -
58 3074 202 3151 reditum,
217 3074 372 3155 prohibuit
386 3079 417 3136 et
431 3076 472 3151 id,
489 3076 569 3155 quod
580 3075 735 3156 pollicitus
750 3080 823 3148 erat,
840 3073 1000 3153 praestitit.

147 3158 230 3221 Huic
251 3178 306 3240 pro
325 3163 418 3223 tantis
438 3162 556 3223 meritis
576 3161 697 3223 honoris
713 3179 823 3221 corona
837 3179 856 3221 a
870 3159 983 3240 populo
999 3160 1046 3218 est
1066 3147 1096 3208 V

61 3248 149 3323 (lata,
174 3244 257 3307 iacta
275 3245 392 3308 duabus
412 3248 544 3326 virgulis
567 3246 729 3326 oleaginis;
746 3264 837 3324 quam
859 3245 939 3325 quod
961 3262 1046 3304 amor

10 3352 15 3415 j
61 3334 177 3397 civium
191 3332 358 3408 obtulerat,
382 3355 442 3396 non
457 3335 506 3394 vis
520 3335 729 3414 expresserat,
750 3331 866 3392 nullam
880 3330 987 3391 habuit
1001 3328 1045 3388 in·
1067 3314 1110 3380 35

10 3434 17 3505 *f
59 3420 179 3483 vidiam
197 3436 370 3499 magnaque
391 3421 450 3481 suit
469 3419 577 3499 gloria.
622 3418 706 3480 Beue
727 3437 801 3497 ergo
824 3415 962 3478 Pittacus
982 3414 1045 3487 ille,

10 3516 20 3612 ι
60 3508 113 3591 qni
128 3508 161 3570 in
177 3508 295 3589 septem
310 3507 495 3588 sapientium
510 3525 635 3567 numero
650 3509 698 3566 est
712 3504 845 3578 habitus,
868 3521 937 3562 cum
952 3499 1046 3579 Mity-

10 3632 19 3698 ‚⁹
60 3595 163 3659 lenaei
190 3595 259 3679 agri
283 3612 411 3656 munera
434 3594 477 3671 ei,
511 3593 608 3654 multa
632 3591 719 3653 milia
744 3591 900 3671 iugerum,
928 3586 1045 3662 darent,

859 3688 891 3742 4*

10 3778 31 4002 p„
