2504 4080
386 196 447 257 III.
470 192 701 257 ARISTIDES.
996 192 1040 258 23

53 368 261 442 commodum,
292 367 348 428 sed
376 367 457 448 qucd
484 366 622 428 omuibus
650 367 847 443 conduceret,
877 370 1037 448 spectaret.

55 453 137 518 (lum
162 453 270 515 urbem
300 452 499 533 relinqueret,
533 470 640 513 manus
667 453 706 512 ad
732 453 852 514 coelum
877 453 1040 514 sustulisse

55 541 178 616 dieitur,
201 538 293 602 adiis
308 556 450 620 precans,
473 557 512 599 ne
534 557 678 618 umquem
694 541 813 623 tempus
829 538 957 615 veniret,
979 558 1038 620 quc

56 627 190 708 populus
219 628 380 705 cogeretur
405 623 552 685 Aristidis
581 623 745 686 reminisci.
801 623 862 685 Hic
891 644 1039 687 annornm

56 713 164 773 decem
178 710 348 790 legitimum
364 709 489 771 exilium
510 728 570 771 non
595 709 730 790 pertulit.
774 708 854 771 Nam
878 706 1081 792 pcstqucmb

57 797 182 858 Xerxes
204 814 244 857 ex
266 792 397 859 Graecia
418 799 487 876 post
507 813 642 877 pugnam
667 794 865 857 Salaminiam
887 796 1036 873 discessit,

54 882 239 965 populiscitc
266 883 299 943 in
326 881 457 963 patriam
482 881 642 942 restitutus
670 885 725 943 est.
769 880 914 943 Interfuit
938 886 1040 945 autem
1060 883 1114 944 ΙΠ

53 988 177 1051 pugnae
191 965 385 1044 Salaminiae,
400 985 477 1048 quae
491 966 573 1028 iacta
587 970 643 1041 est,
658 971 819 1048 antequam
834 972 1038 1045 revocaretur,

54 1054 112 1117 tali
126 1055 225 1115 mcdc.
770 1064 789 1093 r

143 1222 221 1286 Cum
244 1224 337 1284 duces
363 1219 552 1285 Graecorum
572 1223 731 1285 consilium
751 1225 898 1286 haberent
925 1226 1038 1287 delibe—
1062 1223 1104 1288 10

54 1313 227 1391 rarentque,
247 1313 351 1371 utrum
374 1311 536 1393 expediret
549 1328 618 1371 cum
638 1310 776 1371 hostibus
798 1311 975 1389 confligere,
999 1332 1038 1373 an

53 1400 131 1477 fuga
144 1397 276 1458 salutem
290 1398 395 1476 petere
410 1400 441 1456 et
456 1396 495 1457 ad
510 1395 661 1457 Isthmum
676 1415 710 1455 se
725 1395 870 1476 recipere,
886 1395 1038 1458 Aristides

53 1483 199 1546 navicula
212 1482 359 1543 advectus
374 1481 460 1542 affuit
474 1485 505 1541 et
520 1480 765 1555 Themistoclem,
782 1485 906 1560 prepter
920 1483 1038 1561 magni-

54 1568 194 1631 tudinem
209 1567 415 1648 praesentium
437 1567 586 1628 malcrum
607 1566 771 1628 simultatis
786 1566 900 1628 veteris
916 1568 1036 1642 oblitus,

54 1652 247 1735 colloquendi
270 1672 362 1715 causa
383 1652 525 1715 evocavit
546 1673 675 1733 cumque
690 1653 818 1729 edocuit,
836 1650 969 1716 Graecos
984 1675 1038 1716 un·
1063 1650 1104 1714 15

53 1741 148 1821 dique
168 1740 338 1801 abarbaris
352 1739 575 1800 circumventos
596 1740 707 1814 teneri,
732 1740 776 1799 ita
789 1748 824 1802 ut
837 1741 930 1818 fugae
945 1742 1039 1803 facul-

53 1826 187 1889 tesiam
210 1845 270 1888 ncn
292 1829 382 1887 esset.
434 1824 653 1886 Themistocles
675 1826 706 1886 id
729 1844 747 1885 a
769 1845 803 1887 se
824 1830 1039 1907 praeparatum

54 1912 221 1995 professus,
237 1912 326 1991 petiit
341 1912 378 1972 ab
394 1909 544 1985 Aristide,
566 1913 602 1972 ut
621 1911 811 1972 introductus
832 1912 865 1972 in
880 1912 1039 1972 eonsilium

55 1999 89 2060 id
104 1997 171 2077 ipse
187 1999 303 2058 ceteros
325 1998 418 2058 duces
440 1997 595 2071 edoceret,
619 2016 687 2057 cum
706 1996 766 2056 sibi
781 1997 933 2058 nuntianti
948 1997 1039 2059 fidem

55 2103 118 2146 non
132 2086 235 2144 essent
249 2083 390 2145 habituri.
436 2080 484 2143 Ac
497 2102 536 2142 ne
551 2081 681 2144 Aristidi
696 2082 820 2162 quidem
836 2082 1038 2159 crediderunt,
1062 2076 1105 2140 20

54 2171 154 2231 donee
168 2169 346 2248 transfugae
361 2167 458 2244 Tenii,
474 2168 527 2249 qui
542 2169 659 2230 triremi
674 2173 831 2244 venerant,
853 2188 919 2230 rem
934 2169 1040 2231 ccnfir-

57 2258 187 2318 marent.
232 2254 314 2315 Dum
329 2254 478 2335 proelium
495 2254 681 2315 maritimum
696 2254 778 2335 apud
793 2252 947 2316 Salamina
961 2275 1039 2316 com-

57 2341 205 2414 mittitur,
227 2338 380 2402 Aristides
401 2340 562 2421 permultis
584 2340 689 2419 gravis
705 2344 879 2401 armaturae
893 2341 1041 2402 militibus

57 2425 224 2507 assumptis
251 2429 283 2487 et
308 2426 340 2486 in
365 2425 557 2507 Psytteleam
588 2427 720 2488 insulam
752 2426 900 2488 traductis
937 2445 1041 2489 omues

57 2512 184 2587 Persas,
212 2512 264 2593 qui
288 2512 320 2573 iu
346 2531 383 2573 ea
404 2512 504 2573 insula
524 2517 625 2589 erant,
646 2512 808 2573 interfecit.
853 2512 890 2572 In
911 2514 1042 2593 patriam
1064 2506 1107 2569 25

58 2598 162 2681 paullo
177 2602 247 2678 pest
263 2601 424 2659 revocatus
439 2616 518 2658 auno
540 2597 711 2678 insequenti
726 2599 790 2658 dux
805 2599 863 2659 fuit
877 2597 1043 2659 Athenien-

56 2683 138 2745 sium
159 2683 240 2763 apud
258 2682 411 2759 Plataeas,
435 2702 504 2743 cum
524 2688 591 2744 cctc
606 2683 730 2745 milibus
750 2684 856 2763 gravis
871 2687 1044 2745 armaturae

57 2770 91 2831 in
105 2787 199 2831 cornu
214 2768 337 2831 sinistro
358 2768 548 2831 constitutus.
593 2767 674 2829 Nam
689 2768 844 2847 Tegeatae
864 2788 934 2829 cum
949 2767 1043 2829 Athe-

57 2854 216 2916 niensibus
231 2856 351 2918 deloco
366 2856 398 2916 in
419 2873 523 2935 pugna
546 2854 709 2917 obtinendo
732 2855 962 2930 contenderant,
985 2854 1044 2916 sibi

56 2944 183 3023 propter
197 2960 283 3002 suam
299 2945 330 3002 et
343 2939 493 3003 maiorum
502 2939 651 3002 virtutem
662 2941 694 3001 id
702 2941 824 3003 hcncris
835 2942 1044 3021 deposcentes,
1066 2936 1110 3001 30

57 3033 95 3089 ut
108 3045 204 3088 ccrnu
218 3026 374 3089 sinistrum
390 3027 569 3088 obtinerent.
594 3026 672 3087 Tum
686 3024 840 3089 Aristides
853 3027 1044 3090 Praesens

56 3117 223 3193 tempus,
244 3112 351 3192 inquit,
373 3128 447 3174 nnn
469 3112 679 3194 permittit,
701 3117 741 3174 ut
763 3133 841 3175 cum
857 3115 1044 3194 Tegeatis

56 3199 106 3260 de
133 3198 367 3260 fortitudine
396 3199 644 3274 altercemur;
681 3218 760 3260 eam
799 3201 899 3262 enim
937 3201 1044 3262 lccns

57 3302 186 3364 neque
201 3282 280 3360 dat,
295 3304 419 3365 neque
434 3284 584 3359 adimit;
601 3304 835 3366 quocumque
850 3287 934 3350 lccc
958 3305 1044 3347 ccn-

56 3366 197 3431 stituti
213 3370 368 3446 erimus,
390 3390 461 3432 non
484 3370 665 3449 indignos
688 3390 756 3435 nos
777 3371 1044 3452 praebebimus
1066 3361 1109 3428 35

58 3454 426 3538 prioribuspugnis.
471 3456 653 3518 Venimus
674 3458 790 3534 euim,
815 3477 886 3519 non
907 3450 1044 3517 utliti·

56 3560 236 3625 garemus
262 3560 342 3603 cum
368 3542 503 3617 scciis,
531 3543 597 3603 sed
619 3545 660 3604 ut
687 3560 942 3624 pugnaremus
965 3558 1045 3601 cnm
