2504 4080
175 236 217 303 68
503 235 562 298 ΧΙ.
585 232 827 298 PELOPIDAS.

135 465 140 473 .
175 427 280 472 omnes
295 410 402 487 gentes
418 411 558 469 sanctum
572 426 640 468 esse
651 410 835 483 consuesset,
850 409 1010 486 atyranno
1024 404 1157 466 Alexan-

176 495 230 556 dro
246 492 382 556 Pheraeo
399 493 490 555 simul
506 513 575 554 cum
588 493 723 555 Ismenia
738 493 974 574 comprehensus
989 492 1022 552 in
1038 492 1157 553 vincula

176 579 330 642 coniectus
344 581 398 641 est.
445 579 586 641 Thessali
606 579 687 640 enim
707 579 768 640 iam
789 582 879 641 antea
899 579 937 640 ah
958 578 1013 639 illo
1031 580 1158 658 tyranno

175 666 283 727 vexati
311 665 460 728 auxilium
483 665 695 726 Thebanorum
721 664 974 746 imploraverant,
1003 667 1098 744 atque
1123 663 1157 724 ad

132 745 155 810 5
175 771 226 814 res
242 752 464 834 componendas
474 750 638 831 Pelopidas
652 769 688 811 eo
703 751 814 812 missus
824 751 894 812 illos
907 753 990 810 tutos
1001 769 1020 811 a
1030 754 1158 830 tyranno

176 838 387 919 praestiterat,
410 838 463 917 qui
484 836 523 898 ob
545 855 611 898 eam
628 855 750 898 causam
764 835 942 917 Pelopidam
957 854 1079 896 summo
1094 835 1158 897 odio

176 925 316 986 habebat.
360 923 478 985 Eodem
497 927 635 1003 tempore
655 923 705 983 hic
731 922 955 984 controversias
976 921 1060 982 inter
1085 920 1158 982 filios

176 1010 341 1092 Amyntae,
355 1009 438 1088 regis
445 1009 657 1086 Macedonum,
669 1010 751 1070 ortas
763 1009 927 1069 diremerat
936 1006 1159 1069 Alexandrum·

177 1116 237 1176 que
251 1114 356 1174 regem
372 1095 578 1171 constituerat,
597 1094 683 1155 ouius
693 1094 828 1156 ‘alterum
843 1094 970 1155 fratrem
984 1093 1159 1175 Philippum

115 1173 157 1240 10
179 1181 315 1242 obsidem
330 1198 434 1241 secum
449 1179 569 1242 Thebas
584 1179 728 1257 abduxit,
749 1183 784 1241 ut
799 1200 876 1260 quae
897 1179 1086 1240 instituisset
1099 1184 1160 1240 rata

70 1261 74 1266 ’
178 1268 281 1327 essent
297 1265 495 1346 omnibusque
511 1264 638 1328 Graecis
662 1266 849 1342 ostenderet,
874 1284 965 1346 quam
979 1265 1045 1326 late
1060 1267 1159 1347 poten·

177 1352 221 1413 tia
247 1351 460 1414 Thebanorum
488 1355 614 1433 pateret.
660 1349 737 1413 Cum
764 1352 861 1431 igitur
884 1351 1026 1413 Thessali
1053 1352 1159 1412 iterum

147 1508 150 1513 ¹
178 1438 391 1500 crudelitatem
416 1438 589 1500 Alexandri
617 1437 747 1499 Pheraei
779 1438 859 1519 apud
885 1437 1049 1499 Thebanos
1078 1455 1160 1499 accu-

175 1527 295 1601 sarent,
318 1523 483 1606 Pelopidas
503 1524 624 1605 legatus
639 1524 751 1584 missus
766 1525 803 1586 ab
823 1543 859 1586 eo
874 1523 1038 1604 perfidiose
1052 1523 1086 1584 in
1100 1539 1159 1584 car·

112 1602 156 1668 15
179 1630 280 1672 cerem
305 1611 442 1672 inclusus
469 1610 597 1672 infracto
624 1610 724 1671 animo
750 1610 816 1671 eius
841 1609 1007 1671 violentiae
1034 1608 1158 1670 obstitit.

178 1696 247 1756 Dici
263 1695 292 1756 ei
307 1696 405 1772 iussit,
420 1696 515 1756 stulte
529 1695 616 1756 illum
632 1695 746 1772 facere,
769 1696 821 1776 qui
836 1715 869 1756 se
884 1695 1083 1775 superstitem
1098 1712 1160 1756 esse

178 1782 306 1855 sineret;
329 1799 401 1841 nam
422 1780 448 1840 si
463 1779 633 1859 effugisset,
657 1781 762 1842 statim
776 1801 809 1842 se
824 1800 936 1862 poenas
951 1782 1158 1862 repetiturum.

179 1863 380 1947 Our,inquit
392 1868 555 1948 tyrannus,
577 1864 785 1948 Pelopidas
807 1868 899 1928 adeo
924 1868 970 1928 ad
996 1869 1159 1928 mortem

180 1953 404 2017 contendit?
440 1952 596 2014 Tumhio:
613 1951 1160 2034 Quomaioriodiotyrannus

114 2031 158 2098 20
180 2039 232 2099 sit
247 2039 331 2099 diis.
376 2037 463 2101 Uxor
483 2039 655 2099 Alexandri
676 2041 779 2099 autem
801 2057 870 2099 cum
891 2038 1039 2112 audisset,
1073 2056 1161 2118 quam

178 2127 352 2188 constanter
366 2124 531 2205 Pelopidas
546 2124 699 2186 fortunam
714 2124 877 2185 adversam
892 2125 1000 2200 terret,
1018 2124 1161 2185 miserata

178 2211 333 2271 hominem
353 2210 386 2270 in
408 2229 561 2272 carcerem
582 2211 667 2271 venit
682 2214 714 2272 et
728 2211 811 2272 casui
826 2211 893 2271 eius
907 2210 1093 2271 illacrimata
1108 2212 1161 2271 est

180 2294 272 2364 Quod
296 2314 365 2355 cum
381 2295 673 2359 diceretMiseret
692 2317 748 2357 me
772 2296 905 2358 uxoris
931 2301 1020 2357 tuae
1046 2296 1097 2358 hic
1117 2295 1163 2356 At

180 2399 252 2458 me,
278 2380 385 2460 inquit,
408 2382 465 2442 tui
491 2381 666 2459 miseret,
694 2402 790 2462 quae
815 2381 955 2443 vinclis
980 2400 1052 2443 non
1077 2400 1163 2444 con-

115 2460 159 2525 25
182 2466 320 2528 stricta
334 2469 540 2546 tyrannum
557 2467 760 2529 sustineas.

94 2548 159 2613 VII
266 2552 403 2613 Thebani
418 2553 465 2613 his
481 2553 611 2632 cognitis
626 2554 729 2616 statim
746 2554 915 2615 exercitum
930 2553 969 2613 ad
983 2552 1164 2635 Pelopidam

180 2638 372 2701 liberandum
399 2638 562 2714 miserunt;
589 2639 641 2720 qui
667 2659 735 2702 cum
761 2639 964 2721 imprudentia
991 2642 1024 2699 et
1043 2639 1165 2701 inscitia

180 2725 293 2787 ducum
312 2725 344 2787 in
365 2745 510 2808 magnum
531 2726 702 2806 periculum
724 2727 873 2788 adductus
889 2728 981 2799 esset,
1003 2725 1120 2787 milites
1134 2720 1165 2786 id

181 2813 426 2891 aegreferentes
453 2813 493 2874 ad
514 2812 772 2895 Epaminondam,
800 2812 852 2892 qui
880 2811 1018 2892 privatus
1038 2830 1165 2872 numero

117 2890 160 2954 30
181 2898 289 2958 militis
314 2899 346 2959 in
377 2900 515 2961 exercitu
542 2902 620 2975 erat,
653 2918 801 2960 summam
829 2897 949 2979 imperii
981 2897 1165 2973 detulerunt,

180 2979 267 3058 isque
281 2985 448 3045 exercitum
463 2985 645 3046 incolumem
661 2984 792 3044 reduxit.
823 2982 919 3044 Paulo
935 2985 1004 3064 post
1019 3002 1091 3044 oum
1106 2983 1165 3046 alio

181 3066 320 3127 exercitu
347 3068 458 3129 iterum
491 3071 523 3130 in
549 3069 739 3130 Thessaliam
772 3069 926 3149 profectus
952 3067 1165 3131 Alexandrum

181 3151 289 3228 coegit,
305 3155 341 3212 ut
354 3151 533 3234 Pelopidam
549 3155 676 3216 missum
691 3154 812 3216 faceret.
856 3153 918 3216 Sed
937 3154 987 3215 hic
1008 3174 1166 3236 nunquam

179 3235 280 3298 animo
295 3238 410 3317 placari
425 3239 524 3319 potuit
538 3240 570 3300 in
585 3259 663 3314 eum,
680 3259 698 3302 a
713 3259 771 3321 quo
788 3245 853 3301 erat
867 3241 1009 3303 violatus.
1055 3241 1165 3322 Itaque

116 3317 158 3382 35
181 3324 332 3404 persuasit
347 3323 513 3400 Thebanis,
535 3329 570 3386 ut
585 3325 719 3388 subsidio
735 3326 889 3388 Thessalis
904 3327 1045 3388 venirent
1059 3329 1166 3408 tyran·

180 3429 312 3490 numque
333 3410 532 3492 expellerent.
578 3408 672 3473 Cuius
693 3412 766 3473 belli
790 3431 859 3473 cum
874 3412 933 3493 ipsi
949 3430 1068 3474 summa
1083 3418 1167 3474 esset

182 3499 253 3558 ‹lata
272 3516 366 3578 eoque
387 3515 456 3558 oum
479 3498 617 3560 exercitu
638 3499 792 3580 profectus
813 3503 908 3573 esset,
931 3517 991 3559 non
1011 3499 1168 3561 dubitarit

182 3582 364 3665 simulatque
379 3585 496 3647 hostem
511 3586 671 3666 conspexit
682 3585 855 3666 confligere,
872 3604 1053 3665 quamquam
1067 3586 1167 3649 maior
