2504 4080
219 258 261 326 oa
546 259 638 321 xix.
662 257 869 321 aunuum.
959 214 962 219 ’

216 432 344 494 haberet
359 431 503 493 uniuersa
517 430 630 493 Sicilia.
660 430 742 492 Huic
757 432 880 510 quidam
895 431 1095 513 Laphystius,
1113 435 1205 498 homo

216 519 358 600 petulans
378 523 410 580 et
429 519 583 597 ingratus,
604 518 812 579 vadimonium
834 538 903 578 cum
922 519 1020 578 vellet
1034 520 1203 600 imponere,

217 605 297 684 quod
320 624 389 665 cum
404 605 458 665 illo
474 625 507 664 se
524 606 706 684 lege-agere
729 604 856 678 diceret,
881 611 913 664 et
933 605 1111 685 complures
1134 626 1202 667 con-

216 693 381 752 currisseut
407 691 457 771 qui
483 691 699 772 procacitatem
726 690 856 750 hominis
887 691 1030 750 manibus
1062 711 1201 754 coercere

173 773 194 837 5
217 786 406 852 conarentur,
423 777 580 838 Timoleon
595 777 694 837 oravit
709 795 820 851 omnes,
843 796 881 836 ue
895 776 927 836 id
942 776 1097 839 facerent:
1120 799 1199 839 nam-

216 882 275 943 que
290 865 321 925 id
336 869 370 925 ut
384 864 550 944 Laphystio
567 869 598 923 et
613 864 711 922 cuivis
727 862 846 936 liceret,
863 882 896 922 se
911 864 1067 924 maximos
1083 865 1199 926 labores

217 970 394 1030 summaque
409 951 520 1010 adiisse
535 949 678 1029 pericula.
703 947 791 1008 Hanc
804 948 886 1008 euim
901 950 1037 1029 speciem
1049 950 1194 1011 libertatis

217 1057 296 1111 esse,
324 1038 350 1096 si
377 1036 515 1097 omnibus
542 1036 622 1114 quod
648 1035 774 1114 quisque
801 1034 896 1093 vellet
917 1035 1042 1112 legibus
1067 1035 1190 1117 experiri

215 1122 329 1182 liceret
358 1122 454 1195 Idem,
471 1141 540 1182 cum
554 1121 677 1200 quidam
692 1120 852 1200 Laphystii
867 1119 984 1195 similis,
1000 1124 1127 1183 nomine
1138 1121 1190 1182 De

152 1204 194 1268 10
215 1215 386 1280 masuetus,
411 1207 441 1266 in
465 1207 603 1266 contione
626 1207 730 1286 populi
744 1206 783 1266 de
797 1207 887 1266 rebus
902 1207 999 1284 gestis
1016 1209 1085 1269 eius
1101 1209 1194 1269 detra·

214 1292 286 1353 here
313 1293 463 1372 coepisset
485 1311 521 1353 ac
545 1294 691 1354 nonnulla
715 1293 911 1352 inveheretur
937 1291 969 1352 in
995 1292 1196 1369 Timoleonta,

215 1379 291 1440 dixit
310 1398 391 1439 nunc
413 1380 536 1439 demum
558 1398 590 1439 se
613 1379 677 1440 voti
700 1397 767 1438 esse
782 1379 971 1441 damnatum:
992 1396 1130 1459 namque
1144 1381 1199 1442 hoc

213 1484 233 1527 a
253 1465 318 1526 deis
339 1465 562 1526 immortalibus
583 1484 703 1545 semper
723 1474 892 1544 precatum,
915 1468 950 1524 ut
963 1465 1059 1526 telem
1074 1467 1198 1528 liberta

213 1556 275 1613 tem
290 1554 464 1613 restitueret
477 1550 692 1631 Syracusanis,
716 1551 748 1611 in
768 1569 829 1630 qua
848 1549 945 1610 cuivis
960 1550 1071 1612 liceret
1084 1552 1125 1612 de
1141 1570 1199 1632 quo

151 1631 192 1696 15
213 1638 309 1699 vellet
323 1639 447 1718 impune
461 1638 570 1697 dicere.
615 1637 676 1697 Hic
696 1655 764 1696 cum
785 1637 865 1696 diem
881 1654 1057 1715 supremum
1073 1639 1198 1715 obisset,

212 1723 334 1805 publice
360 1743 378 1784 a
403 1722 602 1804 Syracusanis
628 1724 660 1783 in
686 1724 764 1797 loro,
795 1726 860 1782 tcta
888 1723 1061 1784 celebrante
1090 1723 1198 1785 Sicilia

212 1809 349 1889 sepultus
364 1819 425 1883 est;
447 1828 538 1888 super
559 1828 629 1869 eum
651 1809 752 1869 locum
773 1811 879 1888 postea
893 1809 1101 1888 gymnasium,
1116 1811 1201 1890 quod

212 1895 453 1958 Timoleonteum
468 1895 648 1975 appellatur,
663 1898 856 1955 exstructum
870 1901 926 1954 est.

518 2250 631 2336 XIX.
658 2196 884 2335 Eumenes.

146 2408 164 2468 I
212 2395 368 2482 Ronanus,
386 2407 563 2472 Cardianus.
601 2408 702 2469 Huius
717 2410 745 2469 si
759 2409 866 2470 virtuti
881 2424 936 2489 per
950 2409 1022 2471 data
1037 2413 1121 2470 esset
1134 2409 1193 2472 lor·

211 2501 299 2572 tuna,
321 2516 381 2557 non
396 2497 450 2557 ille
464 2497 587 2576 quidem
602 2496 711 2571 maior,
735 2495 815 2574 quod
835 2508 962 2574 magnos
977 2495 1117 2556 homines
1131 2496 1193 2556 vlr-

91 2646 94 2654 ,
210 2592 276 2646 tute
303 2583 446 2643 metimur
471 2602 530 2643 uon
556 2583 692 2655 fortuna,
726 2581 779 2642 sed
804 2581 901 2642 mrilto
925 2581 1076 2642 illustrior
1099 2595 1191 2662 atque

210 2671 302 2734 etiam
324 2669 496 2731 honoratior
516 2668 636 2729 fuisset:
663 2685 733 2728 nam
754 2687 823 2728 oum
842 2674 927 2728 aetas
948 2668 1014 2727 eius
1034 2667 1192 2729 incidisset

146 2749 167 2814 5
210 2758 242 2818 in
257 2777 294 2818 ea
308 2764 454 2836 tempora,
471 2755 580 2836 quibus
594 2754 776 2815 Macedones
790 2754 943 2829 florerent,
957 2753 1088 2814 multum
1100 2755 1130 2814 ei
1142 2755 1192 2815 de-

209 2844 305 2904 traxit
319 2844 398 2904 inter
413 2862 465 2903 eos
481 2840 605 2914 viventi,
622 2841 702 2919 quod
717 2840 834 2901 alienae
848 2846 914 2900 erat
928 2839 1078 2913 civitatis,
1093 2858 1193 2920 neque

210 2928 294 2988 aliud
309 2929 379 2989 huic
394 2929 491 2989 deluit
505 2947 594 3007 quam
606 2945 754 3005 generosa
765 2927 870 3005 stirps:
886 2927 943 2986 etsi
958 2926 1011 2985 ille
1024 2925 1192 2989 domestico

210 3026 327 3072 summo
342 3033 455 3091 genere
470 3023 544 3089 erat,
566 3021 667 3073 tamen
678 3011 861 3073 Macedones
871 3030 941 3072 eum
956 3011 1013 3072 sibi
1024 3012 1192 3091 aliquando

209 3101 350 3176 anteponi
365 3099 490 3177 indigne
505 3100 650 3172 serebant,
673 3119 770 3178 neque
785 3103 885 3158 tamen
901 3116 960 3159 non
980 3098 1191 3178 patiebantur:

145 3175 187 3242 10
209 3183 351 3245 vincebat
362 3185 440 3243 enim
453 3203 557 3243 omnes
570 3203 649 3257 cura,
666 3185 835 3262 vigilantia,
851 3184 1005 3264 patientia,
1022 3184 1192 3246 calliditate

208 3278 239 3332 et
255 3269 409 3330 celeritate
424 3270 545 3347 ingenii.
578 3267 639 3328 Hic
652 3271 954 3349 peradulescentulus
968 3270 1007 3332 ad
1022 3271 1190 3332 amicitiam

208 3356 337 3418 accessit
351 3354 495 3434 Philippi,
510 3353 664 3433 Amyntae
679 3356 749 3427 filii,
773 3357 917 3434 breuique
939 3362 1075 3436 tempore
1096 3357 1129 3416 in
1145 3358 1189 3417 in·

207 3444 311 3505 timam
325 3443 465 3522 pervenit
475 3440 721 3503 familiaritatem.
745 3442 898 3520 Fulgebat
909 3443 989 3503 enim
1001 3444 1060 3501 iam
1074 3443 1105 3502 in
1117 3444 1189 3504 ado·

206 3529 374 3590 lescentulo
390 3527 508 3589 indoles
521 3527 652 3586 virtutis.
682 3527 790 3607 Itaque
806 3548 874 3589 eum
890 3529 996 3589 habuit
1010 3528 1049 3588 ad
1064 3547 1189 3589 manum

145 3605 185 3670 15
206 3615 323 3675 scribae
338 3616 417 3677 loco:
433 3614 513 3694 quod
528 3613 623 3674 multo
639 3614 720 3694 apud
732 3611 865 3675 Graecos
880 3614 1126 3675 honorificentius
1141 3616 1190 3675 est
