2504 4080
223 226 266 293 ao
522 226 616 290 xm
640 190 905 293 nanninus.

152 402 201 466 Vl
275 448 280 457 .
308 397 396 459 Idem
417 396 466 458 vir
486 397 676 477 eloquentiae
700 396 808 459 studiis
829 397 951 460 deditus
965 398 1061 460 fuisse
1084 400 1118 460 et
1144 417 1211 460 eum

225 505 316 566 saepe
331 484 363 545 in
383 482 503 565 publico
519 483 651 560 dixisse,
678 486 744 544 tum
759 483 841 545 domi
855 503 1083 564 nonnumquam
1112 485 1211 547 decla·

225 590 325 632 masse
346 569 465 631 dicitur.
511 569 588 631 Erat
609 572 712 631 autem
734 570 813 632 elato
839 571 954 646 animo,
982 572 1095 651 quique
1119 572 1159 633 de
1181 591 1211 632 se

224 657 377 718 interdum
388 655 641 736 magnificentius,
653 674 743 735 quam
754 655 938 736 vulgiaures
946 655 1080 718 libenter
1087 657 1211 733 ferrent,

181 740 203 804 5
227 741 425 823 praedicaret.
475 742 584 821 Itaque
610 760 679 802 cum
705 740 872 802 orationem
897 742 935 802 da
961 746 1063 805 statua
1088 743 1151 804 sibi
1176 744 1210 805 ab

226 827 465 890 Atheniensibus
491 828 591 908 posita
615 828 764 889 adversus
785 826 989 889 Harmodium
1014 830 1171 908 quendam
1196 848 1211 889 e

226 915 340 977 veteris
355 914 439 974 illius
454 913 665 994 tyrannicidae
686 912 817 994 posteris
842 913 981 988 haberet,
1009 915 1109 977 multa
1135 914 1212 976 dixit

228 1001 267 1062 de
282 1020 316 1061 se
339 1000 473 1061 animose
496 1003 527 1060 et
552 1018 646 1080 prope
673 1001 859 1078 arroganter.
905 998 1007 1078 Atque
1021 1018 1092 1061 cum
1108 1001 1212 1062 adver·

228 1087 327 1147 sarius
347 1084 469 1162 generis
492 1085 540 1145 sui
560 1084 752 1147 nobilitatem
767 1085 919 1145 extollens
933 1084 980 1145 illi
994 1085 1212 1148 obscuritatem

163 1171 206 1235 10
229 1174 260 1231 et
274 1169 499 1248 ignobilitatem
520 1170 689 1246 obiecisset,
711 1170 881 1250 respondit,
902 1175 937 1232 ut
956 1171 1085 1251 quisquc
1100 1173 1212 1235 virtute

228 1255 364 1316 maxime
378 1259 558 1336 praestaret,
573 1256 617 1318 ita
631 1255 854 1318 nobilissimum
870 1275 945 1317 esse.
982 1257 1065 1318 Nam
1079 1277 1121 1319 ne
1136 1257 1210 1319 Har·

228 1340 365 1402 modium
380 1341 502 1419 quidem
525 1344 556 1402 et
570 1341 811 1423 Aristogitonem
836 1341 953 1403 nobiles
978 1343 1088 1419 fuisse,
1117 1344 1211 1424 prius·

228 1446 319 1507 quam
344 1427 495 1508 praeclari
520 1427 636 1507 aliquid
661 1428 813 1512 fecissent.
863 1426 902 1489 Se
928 1429 1076 1490 maiorem
1103 1429 1212 1492 habore

229 1514 441 1592 cognationem
456 1530 526 1575 oum
540 1513 587 1589 iis,
604 1532 694 1592 quam
709 1514 809 1594 ipsum
824 1513 922 1590 illum,
938 1533 1068 1594 quocum
1090 1518 1211 1577 conten·

165 1597 207 1662 15
229 1600 323 1673 deret,
339 1619 398 1678 quo
413 1618 469 1660 sua
483 1618 573 1678 quam
587 1599 670 1660 illius
682 1600 763 1661 facta
774 1599 899 1680 propius
912 1601 951 1662 ad
964 1620 1070 1662 eorum
1081 1601 1212 1680 gloriam

229 1684 416 1746 accederent.
815 1742 819 1746 ,

142 1769 205 1832 Vll
312 1768 363 1829 Ex
384 1787 421 1830 ea
442 1769 577 1830 oratione
593 1770 668 1831 haec
682 1769 856 1831 afferuntur.
901 1770 1083 1848 Meorum,
1105 1772 1210 1853 inquit,

229 1854 519 1917 nobilitasame
541 1855 719 1936 incipiet,
746 1859 901 1918 tuorum
925 1857 962 1918 in
989 1859 1026 1918 te
1047 1858 1209 1920 desinet.

228 1939 269 2002 Ilt
283 1941 373 2021 paulo
388 1938 735 2022 postSiqualisego
758 1962 853 2017 sum,
878 1941 983 2004 tales
1010 1943 1127 2005 vobis
1154 1963 1210 2005 se·

164 2022 209 2088 20
231 2027 1211 2109 ptamfuissentimperatores,desertaiamassotet

229 2112 385 2175 inculta
400 2112 672 2175 Lacedaemon.
718 2113 760 2175 Et
775 2133 845 2176 cum
864 2114 902 2175 de
918 2113 1085 2177 Harmodio
1098 2120 1132 2178 et
1145 2114 1212 2177 Ari·

228 2198 382 2277 stogitona
407 2201 514 2277 ageret
536 2198 716 2274 Quorum,
740 2199 852 2280 inquit,
878 2200 908 2260 si
933 2219 1003 2280 ego
1030 2202 1211 2283 tempori·

229 2282 296 2344 bus
322 2283 500 2359 fuissem,
536 2289 600 2347 aut
625 2286 924 2365 assumpsissem
949 2287 1210 2349 eosadsocie-

230 2369 352 2428 tatem
377 2369 574 2448 praeclari
596 2371 714 2431 illius
736 2371 886 2451 operis,
910 2375 975 2434 aut
996 2373 1080 2453 ipss
1102 2373 1211 2436 abiis

164 2449 208 2515 25
230 2452 550 2515 adscitusessem.
596 2455 1209 2533 Etvosfortasse,Athanienses,

228 2538 340 2599 istam
355 2539 447 2601 mihi
462 2541 673 2604 columnam
694 2546 730 2603 et
754 2543 853 2605 istas
873 2544 913 2603 in
932 2562 974 2605 ea
997 2543 1210 2625 inscriptas

229 2622 369 2686 literas
385 2627 629 2705 praeclarum
644 2629 837 2707 quoddam
853 2632 891 2690 et
905 2629 1037 2708 gloria
1053 2631 1211 2710 dignum

231 2728 250 2770 a
275 2711 384 2773 vobis
410 2712 627 2794 contigisse
653 2711 912 2777 arbitramini.
957 2713 1006 2776 At
1031 2716 1126 2779 milri
1152 2735 1209 2778 co·

230 2795 360 2860 lnmna
386 2798 534 2861 coelum
560 2799 758 2880 attingens
782 2800 1109 2880 inPelcponneso
1138 2802 1210 2866 rir-

166 2877 209 2942 30
232 2883 330 2944 tutis
346 2903 448 2946 meas
463 2884 581 2947 testis
599 2887 817 2949 constituta
832 2895 900 2949 est.

618 3211 822 3222 *u-
