2504 4080
368 306 476 379 XXII.
500 306 728 371 HANNIBAL.
979 306 1041 371 125

52 499 113 562 pro
128 479 264 560 supplies
280 480 515 560 deprecabatur,
537 499 606 541 oum
621 479 830 541 Flamininum
845 481 877 542 in
891 482 1043 543 sententia

54 570 195 648 perstare
216 565 351 640 videret,
373 584 488 644 negare
508 586 599 627 ausus
621 586 681 627 non
702 569 762 640 est;
784 566 862 626 illud
877 568 1041 645 recusavit,

52 670 96 713 ne
110 651 142 712 id
157 671 176 712 a
190 670 224 711 se
238 650 306 711 fieri
320 650 450 728 vellent,
473 651 553 731 quod
574 652 723 713 adversus
738 653 786 711 ius
800 652 925 731 hospitii
947 656 1041 728 esset;

53 737 125 818 ipsi,
142 737 169 797 01
182 739 315 817 possent,
333 737 637 818 comprehenderent;
660 737 761 799 loeum
781 739 835 798 ubi
855 742 937 798 esset
950 739 1043 800 facile

53 823 245 885 inventuros.
269 822 424 884 Hannibal
435 823 517 884 enim
527 823 1041 901 1100100000100010111100010110,
1062 822 1086 884 5

52 910 138 989 quod
161 909 189 969 ei
205 928 223 969 a
238 927 312 987 rege
327 909 432 970 datum
448 913 515 969 erat
528 909 661 984 muneri,
683 908 775 988 idque
796 909 841 968 sio
856 909 1041 985 aedificarat,

54 995 143 1055 utin
167 994 308 1061 omnibus
329 995 466 1075 partibus
489 995 620 1057 aedificii
642 995 744 1055 exitus
759 995 899 1070 haberet,
924 995 1042 1056 soilioet

52 1100 182 1154 verene,
209 1100 249 1141 ne
269 1100 328 1140 usu
348 1081 468 1142 veniret
488 1082 568 1161 quod
591 1080 709 1142 aoeidit.
761 1080 832 1141 Hue
854 1101 922 1143 oum
944 1081 1041 1161 legati

37 1165 266 1233 fRomanorum
274 1166 432 1231 venissent
445 1185 481 1228 ao
495 1167 690 1228 multitudine
701 1166 825 1229 domum
836 1168 901 1228 eius
913 1168 1041 1230 eireum·

37 1252 221 1328 dedinent,
233 1272 310 1332 puer
319 1253 357 1317 ab
368 1253 459 1315 ianua
469 1253 657 1333 prospiciens
668 1251 835 1315 Hannibali
847 1254 927 1314 dixit
937 1255 1041 1334 plures
1065 1250 1108 1315 10

37 1342 180 1420 ‚praeter
195 1339 442 1400 eonsuetudinem
458 1344 590 1401 armatos
606 1356 763 1417 apparere.
800 1338 863 1407 Qui
878 1340 1041 1420 imperarit

39 1424 101 1499 .ei‚
127 1427 162 1484 ut
182 1443 287 1487 omnes
308 1424 390 1485 fores
413 1423 543 1485 aedificii
568 1423 741 1483 eireumiret
767 1441 803 1484 ao
828 1443 957 1504 propere
983 1425 1041 1486 sibi

55 1508 226 1586 nuntiaret,
248 1529 321 1571 num
341 1510 449 1572 eodem
463 1509 552 1571 modo
566 1509 702 1587 undique
717 1508 915 1570 obsideretur.
962 1506 1041 1570 Cum

54 1614 136 1677 puer
155 1595 294 1658 celeriter
315 1596 388 1674 qnid
408 1599 490 1655 esset
516 1595 722 1657 renuntiasset
749 1614 913 1674 omnesque
939 1596 1041 1656 exitus

53 1686 219 1761 oeoupatos
239 1681 437 1756 ostendisset,
458 1681 553 1741 sensit
575 1680 606 1741 id
626 1701 688 1742 non
701 1681 826 1741 fortuito
847 1682 970 1757 factum,
985 1681 1041 1742 sed
1064 1676 1106 1739 15

39 1786 92 1830 se
103 1766 168 1847 peti
189 1787 287 1846 neque
308 1767 367 1827 sibi
382 1766 498 1828 diutius
513 1768 610 1827 vitam
626 1786 693 1827 esse
708 1767 907 1828 retinendam.
940 1766 1042 1837 Quam

36 1873 96 1917 .ne
111 1853 208 1914 alieno
224 1853 349 1914 arbitrio
365 1853 540 1926 dimitteret,
557 1872 674 1913 memor
683 1853 880 1932 pristinarum
892 1853 1042 1913 virtutum

36 1958 208 2000 -venenum
224 1939 304 2018 quod
319 1958 439 2018 semper
451 1957 554 1999 seeum
566 1939 679 1999 habere
691 1948 890 1999 consueverat
901 1939 1038 2018 sumpsit.

143 2023 194 2086 sie
208 2026 256 2084 vir
271 2025 454 2085 fortissimus
476 2025 580 2085 multis
595 2024 749 2104 variisque
763 2025 940 2103 perfunctus
955 2023 1038 2085 labo·
1046 2020 1129 2084 XVI

35 2110 139 2175 :ribus
154 2129 232 2172 anno
247 2111 401 2190 acquievit
414 2111 606 2191 sexagesimo
621 2111 721 2171 tertio.
766 2108 886 2179 Quibus
908 2111 1038 2171 001101111-
1060 2104 1104 2170 20

38 2197 113 2259 .bus
139 2196 303 2271 interierit,
330 2217 390 2258 non
417 2197 571 2269 eonvenit3
604 2200 744 2256 auctores
768 2196 944 2273 gravissimi
971 2215 1040 2257 eum

35 2281 98 2343 <M
122 2280 249 2343 Claudio
269 2282 417 2344 Marcello
438 2282 476 2352 Q.
493 2282 589 2343 Fabio
604 2281 746 2343 Labeone
767 2282 940 2343 oonsulibus
961 2302 1041 2344 mor-

54 2370 144 2428 tuum
168 2387 236 2430 esse
257 2369 405 2447 seriptum
426 2369 623 2447 reliquerunt.
669 2367 772 2446 Atque
798 2368 847 2427 hie
867 2371 969 2429 tantus
993 2368 1042 2429 vir

35 2477 41 2493 ·
53 2454 210 2533 tantisque
223 2455 314 2515 bellis
329 2455 486 2515 districtus
501 2454 640 2514 nonnihil
654 2454 800 2533 temporis
810 2454 918 2515 tribuit
933 2454 1039 2514 literis.

36 2538 198 2618 :Namque
219 2540 334 2619 aliquot
355 2541 420 2601 eius
440 2540 512 2600 libri
527 2544 598 2600 sunt
614 2537 732 2601 Graeco
747 2559 887 2600 sermone
902 2540 1040 2614 coniecti,
1064 2534 1106 2598 25

34 2625 88 2687 ,iu
110 2625 158 2686 his
178 2626 217 2688 ad
231 2625 372 2687 Rhodios
388 2627 426 2686 de
448 2623 501 2686 Cn.
517 2624 627 2685 Manlii
640 2625 787 2686 Volsonis
808 2626 839 2685 in
854 2625 931 2686 Asia
950 2626 1042 2686 rebus

34 2712 162 2789 -gestis
207 2712 309 2772 Huius
336 2712 409 2772 belli
432 2714 521 2790 gesta
542 2709 633 2771 multi
653 2711 818 2771 memoriae
833 2711 1040 2791 prodiderunt,

36 2798 112 2858 ·sed
128 2816 168 2857 ex
183 2797 231 2858 his
254 2799 327 2872 duo,
349 2798 402 2877 qui
422 2818 491 2859 oum
513 2817 548 2857 eo
570 2798 602 2857 in
623 2797 732 2857 eastris
753 2797 877 2857 fuerunt
891 2796 1042 2875 simulque

32 2883 216 2958 rvixerunt,
239 2885 385 2963 quamdiu
405 2885 528 2945 fortuna
548 2902 639 2963 passa
654 2885 715 2957 est,
737 2879 857 2942 Silenus
877 2884 910 2943 et
924 2880 1040 2944 Sosilus

32 2967 324 3030 -Laoedaemoniua
1062 2964 1106 3029 30

32 3090 39 3103 ·
143 3053 204 3116 Sed
218 3076 273 3117 nos
289 3060 409 3137 tempus
424 3057 471 3117 est
485 3055 575 3116 huius
590 3054 661 3115 libri
672 3055 773 3116 faeere
784 3054 875 3117 finem
887 3054 1040 3118 011101110-

34 3176 40 3187 ·
56 3159 167 3202 norum
182 3143 338 3222 explicare
352 3142 450 3202 vitam
464 3142 692 3223 imperatorum,
709 3161 767 3221 quo
783 3142 904 3203 facilius
920 3143 1041 3204 collatis

54 3231 256 3308 utrorumque
270 3229 359 3290 saetis
375 3227 426 3306 qui
440 3228 500 3288 viri
514 3228 706 3309 praeferendi
721 3228 783 3290 sint
792 3230 890 3309 possit
904 3228 1039 3291 iudicari.

396 3504 703 3517 ———-—--—-——
