2504 4080
162 248 206 314 22
497 250 558 310 ΙΠ.
582 247 811 311 ARISTIDES.

162 421 334 484 versarium
367 440 455 482 suum
489 421 641 502 quondam
665 418 796 482 Aristidi
826 420 970 483 iniuriam
997 420 1145 499 intulisse,

163 509 250 585 Dic,
266 506 372 588 inquit,
389 507 537 588 potius,
553 526 639 568 num
655 506 727 567 tibi
742 505 928 568 iniuriam
941 507 1146 581 intulerit;

163 593 368 671 tibienim,
384 613 458 656 non
473 592 835 654 mihiarbitersum.
879 592 1051 672 Postquam
1066 592 1147 656 Datis

164 684 196 741 et
206 678 415 761 Artaphemes
430 699 449 740 a
464 699 538 759 rege
552 678 638 740 missi
649 697 745 739 naves
756 679 795 740 ad
806 677 942 743 Atticam
953 679 1146 760 appulerunt,

99 761 121 826 5
164 766 244 828 inter
264 767 370 827 decom
390 771 547 847 praetores
567 765 704 826 delectus
718 768 774 840 est,
796 764 849 844 qui
864 765 980 826 bellum
995 768 1145 844 'gererent

163 852 213 914 lbi
228 872 297 914 oum
311 852 483 914 Miltiadem
498 850 572 912 belli
592 850 702 930 peritia
723 850 832 912 ceteris
846 855 1006 931 praestare
1021 852 1146 925 videret,

163 939 280 1020 primus
301 937 348 998 illi
369 938 531 1018 imperium
552 956 640 998 suum
670 936 797 997 tradidit
822 936 992 1017 ceterisque
1023 937 1147 999 ducibus

163 1026 246 1086 idem
261 1034 295 1085 ut
310 1023 446 1084 facerent
461 1023 623 1104 persuasit,
641 1022 754 1097 disens,
771 1022 847 1083 viris
861 1022 965 1103 probis
980 1023 1146 1085 obedirent

165 1109 291 1188 obsequi
313 1128 373 1169 non
395 1112 497 1188 turpe,
528 1110 583 1170 sed
605 1111 764 1170 honestum
786 1117 818 1169 et
838 1109 971 1170 salutare
990 1127 1071 1170 esse.
1114 1109 1147 1169 In

101 1193 143 1259 10
165 1215 268 1276 pugna
282 1195 350 1274 ipsa
361 1195 560 1256 fortissimum
573 1215 605 1257 se
615 1194 778 1276 praestitit,
794 1213 854 1256 una
864 1213 934 1254 cum
944 1193 1146 1256 Themistocle

165 1280 296 1342 mediam
311 1281 416 1354 aciem,
434 1300 511 1360 quae
525 1281 660 1342 maxime
670 1281 839 1354 laborabat,
854 1280 952 1359 quoad
963 1280 1032 1341 fieri
1043 1279 1144 1361 potuit

165 1369 347 1427 sustentans.
393 1365 503 1445 Pugna
531 1371 633 1428 autem
661 1369 743 1428 iacta
764 1385 834 1427 cum
855 1365 949 1426 ceteri
969 1385 1063 1446 opem
1084 1362 1145 1427 urbi

164 1453 244 1513 ferre
269 1453 499 1529 contenderent,
532 1453 597 1532 ipse
623 1456 747 1535 propter
775 1452 933 1532 egregiam
959 1451 1145 1514 innocentiae

166 1539 338 1620 opinionem
353 1541 392 1601 ad
408 1540 545 1620 captivos
561 1544 591 1600 et
606 1539 750 1621 praedam
772 1537 970 1599 custodienda
989 1538 1024 1598 in
1045 1554 1144 1617 campo

102 1621 143 1686 15
165 1625 357 1687 Marathonio
377 1627 503 1687 relictus
523 1630 585 1701 est,
609 1645 669 1706 qua
690 1626 722 1685 in
742 1644 776 1685 re
797 1644 883 1705 spem
897 1623 1011 1684 civium
1028 1625 1144 1685 suornm

165 1730 226 1771 non
251 1711 373 1785 fefellit,
397 1731 433 1773 ao
455 1731 516 1772 non
540 1712 630 1772 modo
652 1713 718 1797 ipse
740 1710 855 1771 nullam
876 1712 996 1789 partem
1019 1709 1145 1789 praedae

166 1795 286 1873 attigit,
315 1797 368 1857 sed
389 1816 428 1857 ne
448 1797 524 1858 alios
544 1797 667 1875 quidem
693 1795 855 1876 quicquam
876 1796 909 1856 in
938 1814 1029 1855 usum
1063 1810 1145 1857 suum

165 1884 345 1943 convertere
359 1901 468 1963 passus
483 1887 538 1942 est.

100 2049 144 2115 20
197 2054 233 2113 Π
253 2052 319 2115 Nec
346 2056 447 2114 tamen
473 2052 622 2113 invidiam
649 2051 840 2132 ingratorum
873 2051 987 2112 civium
1016 2051 1147 2132 effugere

166 2139 272 2221 potuit,
289 2139 469 2220 praesertim
485 2158 554 2199 enm
567 2137 796 2212 Themistocles,
813 2137 948 2217 quicum
964 2157 999 2198 eo
1015 2138 1055 2199 de
1071 2138 1147 2219 prin·

166 2225 269 2304 cipatu
286 2224 496 2298 contendebat,
514 2244 584 2285 eum
600 2223 861 2284 criminationibus
877 2224 1053 2299 infamaret,
1077 2232 1148 2286 tam-
1171 2264 1175 2269 -

166 2329 257 2388 quam
272 2310 403 2388 gratiam
414 2310 519 2391 populi
532 2314 656 2391 captans
665 2310 781 2371 aditum
793 2308 852 2370 sibi
863 2310 902 2371 ad
914 2310 1149 2372 dominationem

166 2395 312 2470 muniret;
336 2402 423 2457 erant
444 2397 551 2471 etiam,
573 2396 710 2476 quicum
726 2395 867 2471 odissent,
890 2396 969 2476 qnod
984 2396 1109 2459 nomine
1121 2396 1151 2456 et

102 2479 145 2545 25
166 2482 248 2541 fama
271 2489 392 2560 praeter
412 2488 529 2543 ceteros
552 2481 732 2543 excellebat.
777 2481 885 2561 ltaque
906 2483 944 2542 ab
965 2480 1150 2564 adversariis

168 2567 384 2628 collabefactus
407 2567 588 2629 testularum
603 2567 757 2647 suffragiis
773 2567 867 2628 exilio
883 2567 988 2628 decem
1003 2586 1151 2631 annorum

166 2653 313 2714 multatus
328 2656 382 2714 est.
430 2652 507 2715 Oum
522 2652 669 2732 suffragia
683 2655 843 2727 ferrentur,
859 2654 938 2714 forte
952 2652 984 2713 in
998 2653 1152 2715 hominem
1186 2728 1188 2735 Ι

166 2740 317 2820 quendam
338 2739 517 2802 illiteratum
539 2741 747 2820 rusticumque
761 2739 876 2813 incidit,
898 2738 951 2819 qui
966 2738 1004 2799 ab
1019 2758 1055 2800 eo
1071 2746 1152 2822 pete
1186 2744 1188 2751 '

166 2829 222 2903 ret,
238 2829 273 2886 ut
287 2845 397 2886 nomen
412 2825 558 2888 Aristidis
573 2827 605 2887 in
620 2827 733 2887 testula
747 2824 940 2899 inscriberet3
956 2844 997 2884 ex
1011 2844 1047 2886 eo
1063 2844 1153 2905 quac·
1185 2828 1188 2835 '

102 2908 145 2973 30
166 2910 248 2986 sivit,
264 2912 409 2992 quidnam
423 2912 497 2974 mali
513 2913 541 2974 ei
556 2911 709 2973 Aristides
724 2910 885 2970 intulisset.
909 2911 942 2970 Is
959 2911 1155 2990 respondisse
1184 2966 1188 2999 ÷

166 2995 287 3072 dicitur,
302 3017 337 3058 se
353 2997 522 3060 Aristidem
537 2998 688 3076 ignorare,
706 2996 760 3056 sed
775 2995 834 3055 sibi
849 3015 910 3057 non
924 2995 1056 3075 placere,
1073 2996 1154 3077 quod

165 3086 229 3143 tam
245 3084 352 3163 cupide
368 3084 594 3158 elaboravisset,
617 3089 651 3142 ut
664 3085 786 3163 praeter
804 3085 920 3142 ceteros
936 3081 1035 3142 iustus
1050 3083 1154 3165 appele
1183 3100 1188 3113 ·

167 3168 291 3228 laretur.
316 3168 385 3239 Quo
401 3171 481 3231 facto
493 3168 643 3230 voluntati
657 3167 787 3230 hominis
798 3187 914 3229 morem
926 3167 1031 3247 gessit
1054 3167 1156 3233 Erant

167 3257 269 3314 antem
288 3255 363 3317 haec
384 3255 566 3317 testularum
587 3252 745 3333 suffragia,
768 3273 858 3333 quem
873 3251 983 3315 Graeci
1004 3248 1155 3340 ὀστρακι-

101 3337 145 3404 35
168 3335 251 3424 cuba
265 3342 427 3416 vocabant,
449 3359 510 3402 non
523 3358 622 3421 poena
637 3340 748 3402 delicto
764 3340 941 3414 constituta,
964 3339 1020 3400 sed
1039 3340 1156 3405 levatio

167 3425 315 3504 quaedam
331 3430 362 3487 et
377 3427 518 3488 liberatio
535 3429 651 3501 metus,
674 3446 713 3486 ne
734 3426 783 3487 vir
804 3429 985 3508 praepotens
1001 3426 1156 3488 communi

166 3511 302 3574 omnium
317 3512 454 3575 libertati
471 3512 613 3574 officeret.
648 3511 752 3593 Atque
766 3512 918 3573 Aristides
933 3511 1058 3591 quidem
1072 3512 1157 3574 omni

166 3600 304 3678 tempore
326 3617 392 3658 rem
413 3599 567 3678 publicam
587 3599 630 3659 ita
650 3598 894 3672 administrarat,
916 3602 1032 3658 utnon
1055 3596 1155 3680 ipsius
1186 3638 1188 3643 -

77 3812 241 4048 ,s
