2504 4080
413 232 484 293 XV.
508 232 757 299 TIMOTHEUS.
1037 231 1080 295 85

99 404 310 487 sapientiaque
330 410 519 485 praestantes
534 406 607 479 viri,
633 427 759 486 quorum
785 407 919 467 consiliis
934 412 1079 482 uteretur,

100 498 189 573 pater
204 494 235 551 et
250 510 345 565 socer,
361 492 441 570 quod
451 491 482 551 in
496 492 543 552 his
558 496 643 554 tanta
654 496 721 554 erat
732 493 904 567 auctoritas,
920 497 953 554 ut
968 511 1081 573 magna

100 598 171 659 spes
194 581 275 638 esset
295 596 351 657 per
372 595 423 637 eos
447 578 559 637 amissa
573 597 663 658 posse
677 579 858 659 recuperari.
906 575 982 638 Cum
997 579 1079 654 socii,

100 664 341 744 quidefecerant,
356 660 480 722 Samum
489 670 701 743 oppugnarent
711 665 903 743 insulamque
913 670 1078 739 vastarent,

98 752 297 830 imperatores
310 747 541 809 Atheniensium
556 749 740 830 Byzantium
754 750 881 830 profecti
903 753 987 824 sunt,
1009 751 1080 811 huic
1100 745 1123 810 5

104 835 171 895 urbi
187 833 258 895 socii
273 853 292 895 a
306 832 396 895 Samo
411 834 526 895 auxilio
540 841 689 898 venerant
711 838 900 914 classemque
915 835 1080 896 Athenien-

103 921 183 980 sium
197 920 229 980 in
241 918 443 1000 Hellesponto
458 919 654 982 offenderunt.
679 920 793 984 Chares
808 922 931 982 illorum
946 922 1081 982 adventu

99 1005 232 1086 cognito,
246 1024 287 1066 ne
301 1007 373 1084 quid
388 1008 512 1068 absente
527 1027 559 1068 se
570 1013 692 1086 gestum
703 1009 869 1082 videretur,
885 1009 950 1088 ipse
962 1026 1081 1087 quoque

98 1111 170 1153 cum
191 1091 254 1151 suis
276 1093 370 1172 copiis
390 1092 544 1172 profectus
570 1099 624 1154 est.
670 1095 803 1169 Accidit,
831 1099 866 1154 ut
879 1112 991 1174 magna
1005 1096 1080 1153 tem-

97 1181 203 1260 pestas
224 1185 376 1253 oreretur,
402 1198 491 1257 quam
517 1181 634 1241 evitare
659 1181 719 1243 duo
740 1186 862 1243 veteres
882 1181 1081 1262 imperatores
1103 1175 1146 1240 10

98 1264 175 1325 utile
189 1263 330 1324 arbitrati
345 1283 431 1324 suam
446 1266 575 1326 classem
590 1270 831 1348 suppresserunt.

186 1347 231 1409 At
250 1349 304 1410 ille
323 1351 486 1411 temeraria
499 1372 572 1412 usus
590 1355 708 1414 ratione
728 1373 788 1415 non
814 1354 907 1414 cessit
931 1353 1080 1415 maiorum
1101 1350 1132 1412 V

98 1440 174 1497 natu
190 1435 363 1496 auctoritati
378 1442 409 1496 et
424 1438 502 1497 utin
519 1457 575 1498 sua
588 1457 682 1499 manu
703 1443 783 1500 esset
803 1440 932 1520 fortuna⁴
944 1457 1080 1519 pugnam

98 1520 291 1583 committere
310 1540 371 1582 non
391 1522 543 1584 dubitavit
562 1526 593 1583 et
616 1527 651 1584 ut
665 1544 699 1584 se
714 1530 912 1602 sequerentur
926 1525 966 1583 ad
980 1523 1080 1584 Timo-

98 1608 206 1668 theum
221 1610 252 1667 et
265 1606 452 1687 Iphicratem
465 1609 606 1668 nuntium
620 1609 712 1669 misit.
740 1608 821 1670 Hinc
841 1609 923 1669 male
944 1628 977 1669 re
993 1612 1081 1688 gesta
1103 1601 1145 1668 15

99 1713 133 1754 se
148 1692 258 1772 recipit
271 1692 436 1772 literaeque
452 1694 572 1774 publice
587 1694 723 1756 Athenas
745 1696 842 1772 misit,
867 1695 924 1755 sibi
944 1694 1083 1776 proclive

99 1780 197 1839 larissa
221 1779 324 1840 hostes
350 1779 526 1856 devincere,
560 1780 619 1841 nisi
645 1801 664 1842 a
688 1781 846 1842 Timotheo
873 1786 905 1841 et
929 1781 1085 1861 Iphicrate

102 1864 244 1925 desertus
265 1869 355 1928 esset.
398 1864 534 1945 Populus
556 1885 641 1943 acer,
665 1866 808 1948 suspicax
823 1868 860 1928 ob
875 1886 1002 1946 eamque
1016 1886 1082 1927 rem

103 1948 236 2025 mobilis,
257 1951 465 2025 adversarius,
489 1952 611 2013 invidus
634 1952 740 2032 (etiam
754 1952 906 2033 potentiae
921 1954 953 2012 in
967 1952 1081 2013 crimen

104 2035 306 2110 vocabantur)
329 2057 380 2097 eos
403 2038 525 2098 domum
540 2045 677 2114 revocat;
699 2043 879 2099 accusantur
894 2038 1080 2118 proditionis.
1104 2032 1147 2097 20

102 2119 172 2181 Hoc
184 2121 295 2183 iudicio
310 2123 471 2184 damnatur
486 2123 676 2200 Timotheus,
697 2125 796 2203 lisque
817 2124 882 2184 eius
905 2124 1082 2186 aestimatur

101 2211 223 2268 eentum
253 2209 384 2270 talentis.
441 2209 502 2270 Ille
532 2210 601 2270 odio
626 2210 767 2289 ingratae
797 2210 930 2271 ciuitatis
960 2215 1082 2271 coactus

101 2291 277 2354 Chalcidem
292 2313 324 2354 se
340 2294 475 2356 contulit.
509 2295 609 2356 Huius
623 2300 693 2379 post
708 2299 838 2360 mortem
853 2315 922 2356 cum
936 2296 1082 2378 populum

101 2378 206 2440 iudicii
227 2380 274 2441 sui
295 2380 479 2462 poeniteret,
504 2383 618 2443 multae
642 2403 754 2446 novem
775 2384 878 2464 partes
900 2383 1036 2444 detraxit
1051 2386 1082 2444 et

102 2465 209 2526 decem
230 2467 346 2528 talenta
368 2465 535 2543 Cononem,
551 2468 654 2542 ,filium
677 2471 758 2544 eiua,
781 2471 820 2531 ad
834 2471 914 2530 muri
929 2469 1081 2549 quandam
1103 2461 1146 2527 25

100 2554 220 2633 partem
235 2553 428 2615 reficiendam
444 2555 534 2614 iussit
548 2555 629 2616 dare.
668 2556 706 2615 In
721 2575 780 2635 quo
794 2557 934 2617 fortunae
947 2555 1082 2617 varietas

99 2641 148 2699 est
176 2638 397 2700 animadversa.
456 2639 536 2700 Nam
565 2659 640 2718 quos
670 2660 745 2702 avus
777 2638 880 2702 Conon
909 2660 1012 2701 muros
1042 2660 1082 2700 ex

98 2724 228 2804 pecunia
243 2724 375 2786 aPersis
387 2731 512 2804 accepta
522 2725 639 2804 patriae
649 2728 834 2803 restituerat,
850 2726 972 2787 eosdem
987 2745 1082 2806 nepos

99 2828 169 2869 curu
184 2828 302 2871 summa
315 2811 482 2890 ignominia
492 2810 627 2872 familiae
639 2831 679 2872 ex
690 2831 746 2874 sua
756 2832 790 2873 re
801 2811 945 2873 familiari
956 2812 1082 2872 reficere

98 2898 223 2956 coactus
238 2899 293 2957 est.
329 2897 414 2959 Haec
429 2900 569 2958 extrema
582 2898 640 2957 fuit
655 2903 740 2960 aetas
752 2891 972 2979 imperatorum
986 2895 1081 2958 Athe·
1103 2889 1149 2956 30

98 2981 265 3058 niensium,
295 2983 472 3064 IphicratiS,
505 2981 662 3058 Chabriae,
693 2984 857 3058 Timothei3
887 3002 986 3062 neque
1014 2984 1084 3064 post

100 3066 226 3129 illorum
248 3068 364 3131 obitum
387 3071 545 3149 quisquam
568 3070 633 3130 dux
658 3069 690 3130 in
716 3071 770 3132 illa
795 3070 870 3130 urbe
891 3069 950 3130 suit
971 3070 1083 3150 dignus

100 3153 248 3215 memoria
270 3157 393 3235 praeter
412 3155 610 3233 Phocionem,
635 3156 754 3237 dequo
776 3175 874 3238 pauca
894 3155 956 3218 iam
979 3175 1084 3218 sumus

99 3241 261 3302 narraturi.

488 3465 693 3475 -u—---—-.-
