<?xml version="1.0" encoding="UTF-8"?>
<!DOCTYPE html PUBLIC "-//W3C//DTD XHTML 1.0 Transitional//EN"
    "http://www.w3.org/TR/xhtml1/DTD/xhtml1-transitional.dtd">
<html xmlns="http://www.w3.org/1999/xhtml" xml:lang="en" lang="en">
 <head>
  <title>
</title>
<meta http-equiv="Content-Type" content="text/html;charset=utf-8" />
  <meta name='ocr-system' content='tesseract 3.04.00' />
  <meta name='ocr-capabilities' content='ocr_page ocr_carea ocr_par ocr_line ocrx_word'/>
</head>
<body>
  <div class='ocr_page' id='page_1' title='image "./liberdeexcelben00nepogoog_0094.png"; bbox 0 0 2504 4080; ppageno 0'>
   <div class='ocr_carea' id='block_1_1' title="bbox 384 254 1084 323">
    <p class='ocr_par' dir='ltr' id='par_1_1' title="bbox 384 254 1084 323">
     <span class='ocr_line' id='line_1_1' title="bbox 384 254 1084 323; baseline 0.006 -4"><span class='ocrx_word' id='word_1_1' title='bbox 384 254 461 319; x_wconf 86' lang='lat' dir='ltr'><strong>XII.</strong></span> <span class='ocrx_word' id='word_1_2' title='bbox 484 254 797 319; x_wconf 81' lang='lat' dir='ltr'>EPAMINONDAS.</span> <span class='ocrx_word' id='word_1_3' title='bbox 1041 257 1084 323; x_wconf 88' lang='grc'>69</span> 
     </span>
    </p>
   </div>
   <div class='ocr_carea' id='block_1_2' title="bbox 97 427 1212 1624">
    <p class='ocr_par' dir='ltr' id='par_1_2' title="bbox 97 427 1212 1624">
     <span class='ocr_line' id='line_1_2' title="bbox 97 427 1083 511; baseline 0.001 -20"><span class='ocrx_word' id='word_1_4' title='bbox 97 447 173 511; x_wconf 86' lang='lat' dir='ltr'>pars</span> <span class='ocrx_word' id='word_1_5' title='bbox 192 427 346 491; x_wconf 85' lang='lat' dir='ltr'>exercitus</span> <span class='ocrx_word' id='word_1_6' title='bbox 361 427 434 489; x_wconf 88' lang='lat' dir='ltr'>solis</span> <span class='ocrx_word' id='word_1_7' title='bbox 448 427 569 490; x_wconf 90' lang='lat' dir='ltr'>defectu</span> <span class='ocrx_word' id='word_1_8' title='bbox 589 427 697 490; x_wconf 88' lang='lat' dir='ltr'>territa</span> <span class='ocrx_word' id='word_1_9' title='bbox 711 428 855 509; x_wconf 80' lang='lat' dir='ltr'>progredi</span> <span class='ocrx_word' id='word_1_10' title='bbox 869 448 928 491; x_wconf 91' lang='lat' dir='ltr'>non</span> <span class='ocrx_word' id='word_1_11' title='bbox 943 430 1083 495; x_wconf 76' lang='lat' dir='ltr'><strong>audebat.</strong></span> 
     </span>
     <span class='ocr_line' id='line_1_3' title="bbox 99 513 1084 595; baseline 0.003 -19"><span class='ocrx_word' id='word_1_12' title='bbox 99 513 242 577; x_wconf 75' lang='lat' dir='ltr'>Occurrit</span> <span class='ocrx_word' id='word_1_13' title='bbox 252 517 355 577; x_wconf 86' lang='lat' dir='ltr'>autern</span> <span class='ocrx_word' id='word_1_14' title='bbox 367 513 396 574; x_wconf 93' lang='lat' dir='ltr'>ei</span> <span class='ocrx_word' id='word_1_15' title='bbox 412 513 493 594; x_wconf 89' lang='lat' dir='ltr'>apud</span> <span class='ocrx_word' id='word_1_16' title='bbox 504 514 647 591; x_wconf 90' lang='lat' dir='ltr'>tumulos,</span> <span class='ocrx_word' id='word_1_17' title='bbox 659 514 711 593; x_wconf 92' lang='lat' dir='ltr'>qui</span> <span class='ocrx_word' id='word_1_18' title='bbox 721 519 845 595; x_wconf 87' lang='lat' dir='ltr'>propter</span> <span class='ocrx_word' id='word_1_19' title='bbox 853 515 1084 579; x_wconf 87' lang='lat' dir='ltr'>similitudinem</span> 
     </span>
     <span class='ocr_line' id='line_1_4' title="bbox 99 597 1085 683; baseline 0.004 -21"><span class='ocrx_word' id='word_1_20' title='bbox 99 600 209 682; x_wconf 88' lang='lat' dir='ltr'>eapitis</span> <span class='ocrx_word' id='word_1_21' title='bbox 241 599 340 662; x_wconf 91' lang='lat' dir='ltr'>canini</span> <span class='ocrx_word' id='word_1_22' title='bbox 361 597 609 682; x_wconf 71' lang='lat' dir='ltr'>Cynoscephalae</span> <span class='ocrx_word' id='word_1_23' title='bbox 629 603 790 672; x_wconf 83' lang='lat' dir='ltr'>vocantur,</span> <span class='ocrx_word' id='word_1_24' title='bbox 820 619 895 679; x_wconf 90' lang='lat' dir='ltr'>quos</span> <span class='ocrx_word' id='word_1_25' title='bbox 920 600 1085 683; x_wconf 87' lang='lat' dir='ltr'>Pelopidas</span> 
     </span>
     <span class='ocr_line' id='line_1_5' title="bbox 99 683 1084 768; baseline 0.003 -19"><span class='ocrx_word' id='word_1_26' title='bbox 99 685 341 768; x_wconf 62' lang='lat' dir='ltr'>praeoccupavit„</span> <span class='ocrx_word' id='word_1_27' title='bbox 365 683 411 746; x_wconf 90' lang='lat' dir='ltr'>De</span> <span class='ocrx_word' id='word_1_28' title='bbox 426 685 535 765; x_wconf 91' lang='lat' dir='ltr'>quibus</span> <span class='ocrx_word' id='word_1_29' title='bbox 550 705 691 767; x_wconf 89' lang='lat' dir='ltr'>campum</span> <span class='ocrx_word' id='word_1_30' title='bbox 701 685 889 766; x_wconf 82' lang='lat' dir='ltr'>prospiciens</span> <span class='ocrx_word' id='word_1_31' title='bbox 903 688 939 748; x_wconf 89' lang='lat' dir='ltr'>ut</span> <span class='ocrx_word' id='word_1_32' title='bbox 949 687 1084 752; x_wconf 85' lang='lat' dir='ltr'>Alexan·</span> 
     </span>
     <span class='ocr_line' id='line_1_6' title="bbox 101 769 1127 851; baseline 0.004 -17"><span class='ocrx_word' id='word_1_33' title='bbox 101 773 192 834; x_wconf 91' lang='lat' dir='ltr'>drum</span> <span class='ocrx_word' id='word_1_34' title='bbox 206 772 431 849; x_wconf 84' lang='lat' dir='ltr'>animadvertit,</span> <span class='ocrx_word' id='word_1_35' title='bbox 446 771 494 834; x_wconf 85' lang='lat' dir='ltr'>ira</span> <span class='ocrx_word' id='word_1_36' title='bbox 507 772 649 833; x_wconf 89' lang='lat' dir='ltr'>incensus</span> <span class='ocrx_word' id='word_1_37' title='bbox 665 790 776 851; x_wconf 89' lang='lat' dir='ltr'>equum</span> <span class='ocrx_word' id='word_1_38' title='bbox 790 772 822 832; x_wconf 91' lang='lat' dir='ltr'>in</span> <span class='ocrx_word' id='word_1_39' title='bbox 838 791 908 832; x_wconf 90' lang='lat' dir='ltr'>eum</span> <span class='ocrx_word' id='word_1_40' title='bbox 919 774 1084 838; x_wconf 81' lang='lat' dir='ltr'>concitavit</span> <span class='ocrx_word' id='word_1_41' title='bbox 1104 769 1127 837; x_wconf 80' lang='lat'>5</span> 
     </span>
     <span class='ocr_line' id='line_1_7' title="bbox 100 857 1084 940; baseline 0.003 -22"><span class='ocrx_word' id='word_1_42' title='bbox 100 857 265 940; x_wconf 80' lang='lat' dir='ltr'>proculque</span> <span class='ocrx_word' id='word_1_43' title='bbox 290 857 449 936; x_wconf 87' lang='lat' dir='ltr'>digressus</span> <span class='ocrx_word' id='word_1_44' title='bbox 476 876 495 919; x_wconf 87' lang='lat' dir='ltr'>a</span> <span class='ocrx_word' id='word_1_45' title='bbox 521 857 584 918; x_wconf 85' lang='lat' dir='ltr'>suis</span> <span class='ocrx_word' id='word_1_46' title='bbox 611 858 748 919; x_wconf 88' lang='lat' dir='ltr'>coniectu</span> <span class='ocrx_word' id='word_1_47' title='bbox 771 858 903 919; x_wconf 85' lang='lat' dir='ltr'>telorum</span> <span class='ocrx_word' id='word_1_48' title='bbox 927 859 1084 921; x_wconf 82' lang='lat' dir='ltr'>confossus</span> 
     </span>
     <span class='ocr_line' id='line_1_8' title="bbox 100 941 1083 1025; baseline 0 -19"><span class='ocrx_word' id='word_1_49' title='bbox 100 942 241 1007; x_wconf 81' lang='lat' dir='ltr'>concidit.</span> <span class='ocrx_word' id='word_1_50' title='bbox 296 941 399 1023; x_wconf 81' lang='lat' dir='ltr'>Atque</span> <span class='ocrx_word' id='word_1_51' title='bbox 429 943 491 1004; x_wconf 90' lang='lat' dir='ltr'>iam</span> <span class='ocrx_word' id='word_1_52' title='bbox 515 942 679 1005; x_wconf 82' lang='lat' dir='ltr'>inclinatae</span> <span class='ocrx_word' id='word_1_53' title='bbox 706 946 793 1006; x_wconf 90' lang='lat' dir='ltr'>erant</span> <span class='ocrx_word' id='word_1_54' title='bbox 818 944 941 1025; x_wconf 79' lang='lat' dir='ltr'>tyranni</span> <span class='ocrx_word' id='word_1_55' title='bbox 968 945 1083 1025; x_wconf 88' lang='lat' dir='ltr'>copiae,</span> 
     </span>
     <span class='ocr_line' id='line_1_9' title="bbox 100 1027 1212 1110; baseline 0.004 -21"><span class='ocrx_word' id='word_1_56' title='bbox 100 1028 251 1108; x_wconf 84' lang='lat' dir='ltr'>equibus</span> <span class='ocrx_word' id='word_1_57' title='bbox 276 1028 346 1110; x_wconf 89' lang='lat' dir='ltr'>plus</span> <span class='ocrx_word' id='word_1_58' title='bbox 371 1028 431 1090; x_wconf 86' lang='lat' dir='ltr'>tria</span> <span class='ocrx_word' id='word_1_59' title='bbox 456 1027 541 1091; x_wconf 90' lang='lat' dir='ltr'>milia</span> <span class='ocrx_word' id='word_1_60' title='bbox 565 1030 780 1091; x_wconf 90' lang='lat' dir='ltr'>occubuerunt.</span> <span class='ocrx_word' id='word_1_61' title='bbox 825 1029 962 1092; x_wconf 76' lang='lat' dir='ltr'>Thebani</span> <span class='ocrx_word' id='word_1_62' title='bbox 985 1033 1085 1094; x_wconf 84' lang='lat' dir='ltr'>morte</span> <span class='ocrx_word' id='word_1_63' title='bbox 1209 1038 1212 1043; x_wconf 88' lang='lat'>&#39;</span> 
     </span>
     <span class='ocr_line' id='line_1_10' title="bbox 99 1113 1085 1197; baseline 0.004 -21"><span class='ocrx_word' id='word_1_64' title='bbox 99 1113 266 1195; x_wconf 86' lang='lat' dir='ltr'>Pelopidae</span> <span class='ocrx_word' id='word_1_65' title='bbox 302 1113 440 1196; x_wconf 84' lang='lat' dir='ltr'>graviter</span> <span class='ocrx_word' id='word_1_66' title='bbox 473 1114 579 1176; x_wconf 83' lang='lat' dir='ltr'>afflicti</span> <span class='ocrx_word' id='word_1_67' title='bbox 608 1119 678 1177; x_wconf 91' lang='lat' dir='ltr'>sunt</span> <span class='ocrx_word' id='word_1_68' title='bbox 708 1135 836 1196; x_wconf 90' lang='lat' dir='ltr'>eumque</span> <span class='ocrx_word' id='word_1_69' title='bbox 864 1118 1023 1197; x_wconf 87' lang='lat' dir='ltr'>parentem</span> <span class='ocrx_word' id='word_1_70' title='bbox 1052 1120 1085 1180; x_wconf 88' lang='lat' dir='ltr'>et</span> 
     </span>
     <span class='ocr_line' id='line_1_11' title="bbox 99 1197 1148 1283; baseline 0.005 -22"><span class='ocrx_word' id='word_1_71' title='bbox 99 1202 290 1262; x_wconf 84' lang='lat' dir='ltr'>servatorem</span> <span class='ocrx_word' id='word_1_72' title='bbox 305 1203 337 1261; x_wconf 90' lang='lat' dir='ltr'>et</span> <span class='ocrx_word' id='word_1_73' title='bbox 349 1203 577 1282; x_wconf 88' lang='lat' dir='ltr'>praeceptorem</span> <span class='ocrx_word' id='word_1_74' title='bbox 591 1201 794 1264; x_wconf 88' lang='lat' dir='ltr'>maximorum</span> <span class='ocrx_word' id='word_1_75' title='bbox 809 1206 840 1263; x_wconf 91' lang='lat' dir='ltr'>et</span> <span class='ocrx_word' id='word_1_76' title='bbox 859 1201 1083 1283; x_wconf 88' lang='lat' dir='ltr'>praestantissi·</span> <span class='ocrx_word' id='word_1_77' title='bbox 1106 1197 1148 1266; x_wconf 85' lang='lat' dir='ltr'>lc</span> 
     </span>
     <span class='ocr_line' id='line_1_12' title="bbox 99 1286 1083 1353; baseline 0.005 -5"><span class='ocrx_word' id='word_1_78' title='bbox 99 1305 220 1348; x_wconf 88' lang='lat' dir='ltr'>morum</span> <span class='ocrx_word' id='word_1_79' title='bbox 234 1286 382 1347; x_wconf 91' lang='lat' dir='ltr'>honorum</span> <span class='ocrx_word' id='word_1_80' title='bbox 396 1286 549 1348; x_wconf 86' lang='lat' dir='ltr'>dixerunt.</span> <span class='ocrx_word' id='word_1_81' title='bbox 594 1287 734 1349; x_wconf 81' lang='lat' dir='ltr'>Thessali</span> <span class='ocrx_word' id='word_1_82' title='bbox 755 1306 828 1349; x_wconf 83' lang='lat' dir='ltr'>vero</span> <span class='ocrx_word' id='word_1_83' title='bbox 852 1289 1016 1352; x_wconf 88' lang='lat' dir='ltr'>honorifica</span> <span class='ocrx_word' id='word_1_84' title='bbox 1031 1290 1083 1353; x_wconf 90' lang='lat' dir='ltr'>de·</span> 
     </span>
     <span class='ocr_line' id='line_1_13' title="bbox 102 1371 1083 1437; baseline 0.004 -4"><span class='ocrx_word' id='word_1_85' title='bbox 102 1374 187 1434; x_wconf 88' lang='lat' dir='ltr'>creta</span> <span class='ocrx_word' id='word_1_86' title='bbox 212 1371 251 1432; x_wconf 93' lang='lat' dir='ltr'>de</span> <span class='ocrx_word' id='word_1_87' title='bbox 275 1371 334 1433; x_wconf 91' lang='lat' dir='ltr'>hoc</span> <span class='ocrx_word' id='word_1_88' title='bbox 357 1373 496 1433; x_wconf 83' lang='lat' dir='ltr'>fecerunt</span> <span class='ocrx_word' id='word_1_89' title='bbox 520 1376 552 1434; x_wconf 92' lang='lat' dir='ltr'>et</span> <span class='ocrx_word' id='word_1_90' title='bbox 578 1373 616 1434; x_wconf 93' lang='lat' dir='ltr'>ad</span> <span class='ocrx_word' id='word_1_91' title='bbox 641 1373 765 1436; x_wconf 83' lang='lat' dir='ltr'>inferias</span> <span class='ocrx_word' id='word_1_92' title='bbox 791 1372 856 1434; x_wconf 89' lang='lat' dir='ltr'>eius</span> <span class='ocrx_word' id='word_1_93' title='bbox 886 1373 1083 1437; x_wconf 85' lang='lat' dir='ltr'>celebrandas</span> 
     </span>
     <span class='ocr_line' id='line_1_14' title="bbox 100 1456 1083 1539; baseline 0.002 -21"><span class='ocrx_word' id='word_1_94' title='bbox 100 1456 300 1538; x_wconf 85' lang='lat' dir='ltr'>magistratus</span> <span class='ocrx_word' id='word_1_95' title='bbox 323 1457 444 1520; x_wconf 90' lang='lat' dir='ltr'>urbium</span> <span class='ocrx_word' id='word_1_96' title='bbox 470 1476 539 1519; x_wconf 89' lang='lat' dir='ltr'>cum</span> <span class='ocrx_word' id='word_1_97' title='bbox 563 1457 725 1520; x_wconf 87' lang='lat' dir='ltr'>iuvenibus</span> <span class='ocrx_word' id='word_1_98' title='bbox 746 1461 778 1519; x_wconf 90' lang='lat' dir='ltr'>et</span> <span class='ocrx_word' id='word_1_99' title='bbox 798 1457 900 1539; x_wconf 91' lang='lat' dir='ltr'>pueris</span> <span class='ocrx_word' id='word_1_100' title='bbox 927 1462 959 1520; x_wconf 90' lang='lat' dir='ltr'>et</span> <span class='ocrx_word' id='word_1_101' title='bbox 984 1478 1083 1522; x_wconf 89' lang='lat' dir='ltr'>sacer·</span> 
     </span>
     <span class='ocr_line' id='line_1_15' title="bbox 99 1541 1081 1624; baseline 0.004 -20"><span class='ocrx_word' id='word_1_102' title='bbox 99 1542 223 1606; x_wconf 87' lang='lat' dir='ltr'>dotibus</span> <span class='ocrx_word' id='word_1_103' title='bbox 238 1541 397 1620; x_wconf 87' lang='lat' dir='ltr'>affuerunt,</span> <span class='ocrx_word' id='word_1_104' title='bbox 412 1546 545 1624; x_wconf 80' lang='lat' dir='ltr'>tropaea,</span> <span class='ocrx_word' id='word_1_105' title='bbox 561 1561 697 1620; x_wconf 88' lang='lat' dir='ltr'>coronas,</span> <span class='ocrx_word' id='word_1_106' title='bbox 712 1562 797 1606; x_wconf 89' lang='lat' dir='ltr'>arma</span> <span class='ocrx_word' id='word_1_107' title='bbox 807 1562 901 1606; x_wconf 89' lang='lat' dir='ltr'>aurea</span> <span class='ocrx_word' id='word_1_108' title='bbox 912 1543 1081 1609; x_wconf 84' lang='lat' dir='ltr'>afferentes.</span> 
     </span>
    </p>
   </div>
   <div class='ocr_carea' id='block_1_3' title="bbox 360 2006 819 2139">
    <p class='ocr_par' dir='ltr' id='par_1_3' title="bbox 360 2006 819 2139">
     <span class='ocr_line' id='line_1_16' title="bbox 360 2006 819 2139; baseline 0.002 -20"><span class='ocrx_word' id='word_1_109' title='bbox 360 2035 457 2119; x_wconf 81' lang='lat' dir='ltr'>xll.</span> <span class='ocrx_word' id='word_1_110' title='bbox 485 2006 819 2139; x_wconf 83' lang='lat' dir='ltr'>llpumlnoudes.</span> 
     </span>
    </p>
   </div>
   <div class='ocr_carea' id='block_1_4' title="bbox 99 2210 1150 3680">
    <p class='ocr_par' dir='ltr' id='par_1_4' title="bbox 99 2210 1150 3490">
     <span class='ocr_line' id='line_1_17' title="bbox 99 2210 1123 2309; baseline 0.009 -26"><span class='ocrx_word' id='word_1_111' title='bbox 99 2210 333 2301; x_wconf 64' lang='lat' dir='ltr'>Epimenes,</span> <span class='ocrx_word' id='word_1_112' title='bbox 350 2225 494 2306; x_wconf 84' lang='lat' dir='ltr'>Polymni</span> <span class='ocrx_word' id='word_1_113' title='bbox 508 2225 599 2302; x_wconf 88' lang='lat' dir='ltr'>filius,</span> <span class='ocrx_word' id='word_1_114' title='bbox 615 2226 776 2288; x_wconf 81' lang='lat' dir='ltr'>Thebanus</span> <span class='ocrx_word' id='word_1_115' title='bbox 791 2225 927 2289; x_wconf 87' lang='lat' dir='ltr'>amicitia</span> <span class='ocrx_word' id='word_1_116' title='bbox 937 2228 1084 2309; x_wconf 83' lang='lat' dir='ltr'>perpetua</span> <span class='ocrx_word' id='word_1_117' title='bbox 1105 2229 1123 2292; x_wconf 92' lang='lat'>1</span> 
     </span>
     <span class='ocr_line' id='line_1_18' title="bbox 101 2310 1083 2394; baseline 0.002 -21"><span class='ocrx_word' id='word_1_118' title='bbox 101 2331 173 2373; x_wconf 91' lang='lat' dir='ltr'>cum</span> <span class='ocrx_word' id='word_1_119' title='bbox 193 2310 342 2392; x_wconf 87' lang='lat' dir='ltr'>Pelopida</span> <span class='ocrx_word' id='word_1_120' title='bbox 361 2311 538 2374; x_wconf 84' lang='lat' dir='ltr'>coniunctus</span> <span class='ocrx_word' id='word_1_121' title='bbox 558 2312 625 2372; x_wconf 84' lang='lat' dir='ltr'>fuit.</span> <span class='ocrx_word' id='word_1_122' title='bbox 670 2311 717 2373; x_wconf 91' lang='lat' dir='ltr'>De</span> <span class='ocrx_word' id='word_1_123' title='bbox 736 2311 794 2374; x_wconf 89' lang='lat' dir='ltr'>hoo</span> <span class='ocrx_word' id='word_1_124' title='bbox 812 2312 991 2394; x_wconf 88' lang='lat' dir='ltr'>priusquam</span> <span class='ocrx_word' id='word_1_125' title='bbox 1010 2313 1083 2377; x_wconf 87' lang='lat' dir='ltr'>scri·</span> 
     </span>
     <span class='ocr_line' id='line_1_19' title="bbox 100 2395 1084 2478; baseline 0.003 -21"><span class='ocrx_word' id='word_1_126' title='bbox 100 2397 220 2472; x_wconf 84' lang='lat' dir='ltr'>bamns,</span> <span class='ocrx_word' id='word_1_127' title='bbox 234 2395 309 2459; x_wconf 89' lang='lat' dir='ltr'>haec</span> <span class='ocrx_word' id='word_1_128' title='bbox 323 2396 538 2478; x_wconf 87' lang='lat' dir='ltr'>praecipienda</span> <span class='ocrx_word' id='word_1_129' title='bbox 551 2397 695 2459; x_wconf 83' lang='lat' dir='ltr'>ridentur</span> <span class='ocrx_word' id='word_1_130' title='bbox 709 2398 890 2474; x_wconf 86' lang='lat' dir='ltr'>lectoribus,</span> <span class='ocrx_word' id='word_1_131' title='bbox 914 2419 953 2461; x_wconf 91' lang='lat' dir='ltr'>ne</span> <span class='ocrx_word' id='word_1_132' title='bbox 968 2399 1084 2462; x_wconf 86' lang='lat' dir='ltr'>alienos</span> 
     </span>
     <span class='ocr_line' id='line_1_20' title="bbox 100 2482 1082 2566; baseline 0.002 -22"><span class='ocrx_word' id='word_1_133' title='bbox 100 2500 203 2544; x_wconf 87' lang='lat' dir='ltr'>mores</span> <span class='ocrx_word' id='word_1_134' title='bbox 218 2482 258 2545; x_wconf 89' lang='lat' dir='ltr'>ad</span> <span class='ocrx_word' id='word_1_135' title='bbox 271 2502 342 2544; x_wconf 90' lang='lat' dir='ltr'>suos</span> <span class='ocrx_word' id='word_1_136' title='bbox 357 2482 493 2545; x_wconf 81' lang='lat' dir='ltr'>referent</span> <span class='ocrx_word' id='word_1_137' title='bbox 506 2502 585 2544; x_wconf 85' lang='lat' dir='ltr'>neve</span> <span class='ocrx_word' id='word_1_138' title='bbox 600 2502 651 2559; x_wconf 88' lang='lat' dir='ltr'>ea,</span> <span class='ocrx_word' id='word_1_139' title='bbox 676 2502 755 2563; x_wconf 90' lang='lat' dir='ltr'>quae</span> <span class='ocrx_word' id='word_1_140' title='bbox 776 2485 852 2566; x_wconf 91' lang='lat' dir='ltr'>ipsis</span> <span class='ocrx_word' id='word_1_141' title='bbox 870 2485 988 2549; x_wconf 81' lang='lat' dir='ltr'>leviora</span> <span class='ocrx_word' id='word_1_142' title='bbox 1002 2493 1082 2561; x_wconf 86' lang='lat' dir='ltr'>sunt,</span> 
     </span>
     <span class='ocr_line' id='line_1_21' title="bbox 101 2567 1127 2650; baseline 0.002 -19"><span class='ocrx_word' id='word_1_143' title='bbox 101 2567 169 2650; x_wconf 88' lang='lat' dir='ltr'>pari</span> <span class='ocrx_word' id='word_1_144' title='bbox 183 2567 274 2631; x_wconf 88' lang='lat' dir='ltr'>medo</span> <span class='ocrx_word' id='word_1_145' title='bbox 289 2569 370 2649; x_wconf 91' lang='lat' dir='ltr'>apud</span> <span class='ocrx_word' id='word_1_146' title='bbox 386 2571 504 2649; x_wconf 85' lang='lat' dir='ltr'>ceteros</span> <span class='ocrx_word' id='word_1_147' title='bbox 519 2568 612 2630; x_wconf 86' lang='lat' dir='ltr'>fuisse</span> <span class='ocrx_word' id='word_1_148' title='bbox 627 2570 822 2633; x_wconf 89' lang='lat' dir='ltr'>arbitrentur.</span> <span class='ocrx_word' id='word_1_149' title='bbox 867 2568 987 2633; x_wconf 84' lang='lat' dir='ltr'>Scimus</span> <span class='ocrx_word' id='word_1_150' title='bbox 1002 2571 1083 2635; x_wconf 90' lang='lat' dir='ltr'>enim</span> <span class='ocrx_word' id='word_1_151' title='bbox 1105 2568 1127 2633; x_wconf 82' lang='lat'>5</span> 
     </span>
     <span class='ocr_line' id='line_1_22' title="bbox 100 2653 1084 2736; baseline 0.001 -21"><span class='ocrx_word' id='word_1_152' title='bbox 100 2653 239 2716; x_wconf 87' lang='lat' dir='ltr'>musicen</span> <span class='ocrx_word' id='word_1_153' title='bbox 252 2653 461 2717; x_wconf 87' lang='lat' dir='ltr'>Romanorum</span> <span class='ocrx_word' id='word_1_154' title='bbox 475 2654 609 2715; x_wconf 91' lang='lat' dir='ltr'>moribus</span> <span class='ocrx_word' id='word_1_155' title='bbox 624 2656 731 2716; x_wconf 89' lang='lat' dir='ltr'>abesse</span> <span class='ocrx_word' id='word_1_156' title='bbox 751 2675 770 2718; x_wconf 85' lang='lat' dir='ltr'>a</span> <span class='ocrx_word' id='word_1_157' title='bbox 784 2656 930 2736; x_wconf 91' lang='lat' dir='ltr'>principis</span> <span class='ocrx_word' id='word_1_158' title='bbox 944 2674 1084 2735; x_wconf 88' lang='lat' dir='ltr'>persona,</span> 
     </span>
     <span class='ocr_line' id='line_1_23' title="bbox 101 2736 1084 2821; baseline -0.001 -19"><span class='ocrx_word' id='word_1_159' title='bbox 101 2740 216 2803; x_wconf 86' lang='lat' dir='ltr'>saltare</span> <span class='ocrx_word' id='word_1_160' title='bbox 230 2759 303 2801; x_wconf 87' lang='lat' dir='ltr'>vero</span> <span class='ocrx_word' id='word_1_161' title='bbox 319 2739 412 2803; x_wconf 91' lang='lat' dir='ltr'>ctiam</span> <span class='ocrx_word' id='word_1_162' title='bbox 427 2741 459 2801; x_wconf 91' lang='lat' dir='ltr'>in</span> <span class='ocrx_word' id='word_1_163' title='bbox 472 2739 558 2800; x_wconf 77' lang='lat' dir='ltr'>vitiis</span> <span class='ocrx_word' id='word_1_164' title='bbox 573 2739 659 2820; x_wconf 88' lang='lat' dir='ltr'>poui;</span> <span class='ocrx_word' id='word_1_165' title='bbox 679 2759 756 2821; x_wconf 89' lang='lat' dir='ltr'>quae</span> <span class='ocrx_word' id='word_1_166' title='bbox 777 2740 877 2803; x_wconf 91' lang='lat' dir='ltr'>omnia</span> <span class='ocrx_word' id='word_1_167' title='bbox 890 2740 972 2821; x_wconf 90' lang='lat' dir='ltr'>apud</span> <span class='ocrx_word' id='word_1_168' title='bbox 987 2736 1084 2801; x_wconf 84' lang='lat' dir='ltr'>Grae·</span> 
     </span>
     <span class='ocr_line' id='line_1_24' title="bbox 101 2823 1084 2906; baseline 0.002 -20"><span class='ocrx_word' id='word_1_169' title='bbox 101 2843 153 2887; x_wconf 90' lang='lat' dir='ltr'>cos</span> <span class='ocrx_word' id='word_1_170' title='bbox 175 2828 207 2886; x_wconf 88' lang='lat' dir='ltr'>et</span> <span class='ocrx_word' id='word_1_171' title='bbox 228 2828 317 2905; x_wconf 89' lang='lat' dir='ltr'>grata</span> <span class='ocrx_word' id='word_1_172' title='bbox 337 2828 368 2889; x_wconf 89' lang='lat' dir='ltr'>et</span> <span class='ocrx_word' id='word_1_173' title='bbox 388 2827 480 2896; x_wconf 86' lang='lat' dir='ltr'>laude</span> <span class='ocrx_word' id='word_1_174' title='bbox 496 2825 590 2906; x_wconf 87' lang='lat' dir='ltr'>digna</span> <span class='ocrx_word' id='word_1_175' title='bbox 612 2826 770 2886; x_wconf 86' lang='lat' dir='ltr'>ducuntur.</span> <span class='ocrx_word' id='word_1_176' title='bbox 817 2823 893 2887; x_wconf 79' lang='lat' dir='ltr'>Cum</span> <span class='ocrx_word' id='word_1_177' title='bbox 913 2826 1014 2886; x_wconf 88' lang='lat' dir='ltr'>autem</span> <span class='ocrx_word' id='word_1_178' title='bbox 1030 2844 1084 2889; x_wconf 78' lang='lat' dir='ltr'>ex·</span> 
     </span>
     <span class='ocr_line' id='line_1_25' title="bbox 99 2910 1086 2992; baseline 0.004 -21"><span class='ocrx_word' id='word_1_179' title='bbox 99 2911 234 2992; x_wconf 89' lang='lat' dir='ltr'>primcre</span> <span class='ocrx_word' id='word_1_180' title='bbox 262 2911 427 2992; x_wconf 82' lang='lat' dir='ltr'>imaginem</span> <span class='ocrx_word' id='word_1_181' title='bbox 458 2910 686 2974; x_wconf 89' lang='lat' dir='ltr'>consuetudinis</span> <span class='ocrx_word' id='word_1_182' title='bbox 715 2912 807 2990; x_wconf 87' lang='lat' dir='ltr'>atque</span> <span class='ocrx_word' id='word_1_183' title='bbox 835 2911 919 2975; x_wconf 84' lang='lat' dir='ltr'>vitae</span> <span class='ocrx_word' id='word_1_184' title='bbox 953 2912 1086 2975; x_wconf 84' lang='lat' dir='ltr'>velimus</span> 
     </span>
     <span class='ocr_line' id='line_1_26' title="bbox 99 2995 1150 3080; baseline 0.003 -21"><span class='ocrx_word' id='word_1_185' title='bbox 99 2995 341 3078; x_wconf 79' lang='lat' dir='ltr'>Epaminondae,</span> <span class='ocrx_word' id='word_1_186' title='bbox 356 2997 433 3059; x_wconf 89' lang='lat' dir='ltr'>nihil</span> <span class='ocrx_word' id='word_1_187' title='bbox 449 2998 589 3060; x_wconf 83' lang='lat' dir='ltr'>videmus</span> <span class='ocrx_word' id='word_1_188' title='bbox 604 2996 716 3059; x_wconf 90' lang='lat' dir='ltr'>debere</span> <span class='ocrx_word' id='word_1_189' title='bbox 729 2998 983 3077; x_wconf 88' lang='lat' dir='ltr'>praetermittere,</span> <span class='ocrx_word' id='word_1_190' title='bbox 1005 2998 1085 3080; x_wconf 92' lang='lat' dir='ltr'>quod</span> <span class='ocrx_word' id='word_1_191' title='bbox 1108 2996 1150 3062; x_wconf 93' lang='lat'>10</span> 
     </span>
     <span class='ocr_line' id='line_1_27' title="bbox 100 3081 1086 3167; baseline 0.006 -23"><span class='ocrx_word' id='word_1_192' title='bbox 100 3082 253 3165; x_wconf 83' lang='lat' dir='ltr'>pertineat</span> <span class='ocrx_word' id='word_1_193' title='bbox 268 3083 307 3146; x_wconf 86' lang='lat' dir='ltr'>ad</span> <span class='ocrx_word' id='word_1_194' title='bbox 321 3102 390 3146; x_wconf 89' lang='lat' dir='ltr'>eam</span> <span class='ocrx_word' id='word_1_195' title='bbox 405 3083 628 3147; x_wconf 91' lang='lat' dir='ltr'>declarandam.</span> <span class='ocrx_word' id='word_1_196' title='bbox 675 3081 780 3154; x_wconf 82' lang='lat' dir='ltr'>Quare</span> <span class='ocrx_word' id='word_1_197' title='bbox 801 3083 938 3146; x_wconf 87' lang='lat' dir='ltr'>dicemus</span> <span class='ocrx_word' id='word_1_198' title='bbox 953 3086 1086 3167; x_wconf 88' lang='lat' dir='ltr'>primum</span> 
     </span>
     <span class='ocr_line' id='line_1_28' title="bbox 101 3167 1086 3253; baseline 0.001 -22"><span class='ocrx_word' id='word_1_199' title='bbox 101 3169 140 3231; x_wconf 92' lang='lat' dir='ltr'>de</span> <span class='ocrx_word' id='word_1_200' title='bbox 161 3187 276 3248; x_wconf 86' lang='lat' dir='ltr'>genere</span> <span class='ocrx_word' id='word_1_201' title='bbox 298 3167 379 3246; x_wconf 90' lang='lat' dir='ltr'>eius,</span> <span class='ocrx_word' id='word_1_202' title='bbox 404 3168 515 3241; x_wconf 89' lang='lat' dir='ltr'>deinde</span> <span class='ocrx_word' id='word_1_203' title='bbox 530 3169 639 3250; x_wconf 90' lang='lat' dir='ltr'>quibus</span> <span class='ocrx_word' id='word_1_204' title='bbox 654 3169 825 3251; x_wconf 88' lang='lat' dir='ltr'>disciplinis</span> <span class='ocrx_word' id='word_1_205' title='bbox 840 3176 871 3232; x_wconf 90' lang='lat' dir='ltr'>et</span> <span class='ocrx_word' id='word_1_206' title='bbox 886 3190 905 3234; x_wconf 90' lang='lat' dir='ltr'>a</span> <span class='ocrx_word' id='word_1_207' title='bbox 919 3173 1029 3253; x_wconf 89' lang='lat' dir='ltr'>quibus</span> <span class='ocrx_word' id='word_1_208' title='bbox 1044 3172 1086 3233; x_wconf 86' lang='lat' dir='ltr'>sit</span> 
     </span>
     <span class='ocr_line' id='line_1_29' title="bbox 100 3253 1084 3339; baseline 0.001 -23"><span class='ocrx_word' id='word_1_209' title='bbox 100 3253 251 3332; x_wconf 83' lang='lat' dir='ltr'>eruditus,</span> <span class='ocrx_word' id='word_1_210' title='bbox 262 3256 327 3317; x_wconf 90' lang='lat' dir='ltr'>tum</span> <span class='ocrx_word' id='word_1_211' title='bbox 338 3254 377 3316; x_wconf 89' lang='lat' dir='ltr'>de</span> <span class='ocrx_word' id='word_1_212' title='bbox 384 3255 520 3317; x_wconf 89' lang='lat' dir='ltr'>moribus</span> <span class='ocrx_word' id='word_1_213' title='bbox 529 3256 705 3336; x_wconf 89' lang='lat' dir='ltr'>ingeniique</span> <span class='ocrx_word' id='word_1_214' title='bbox 716 3256 920 3333; x_wconf 81' lang='lat' dir='ltr'>facultatibus,</span> <span class='ocrx_word' id='word_1_215' title='bbox 931 3260 1084 3339; x_wconf 83' lang='lat' dir='ltr'>postremo</span> 
     </span>
     <span class='ocr_line' id='line_1_30' title="bbox 99 3339 1150 3487; baseline 0.001 -85"><span class='ocrx_word' id='word_1_216' title='bbox 99 3339 140 3402; x_wconf 91' lang='lat' dir='ltr'>de</span> <span class='ocrx_word' id='word_1_217' title='bbox 154 3339 246 3402; x_wconf 90' lang='lat' dir='ltr'>rebus</span> <span class='ocrx_word' id='word_1_218' title='bbox 260 3339 367 3420; x_wconf 86' lang='lat' dir='ltr'>gestis,</span> <span class='ocrx_word' id='word_1_219' title='bbox 390 3359 469 3422; x_wconf 86' lang='lat' dir='ltr'>quae</span> <span class='ocrx_word' id='word_1_220' title='bbox 482 3360 502 3405; x_wconf 94' lang='lat' dir='ltr'>a</span> <span class='ocrx_word' id='word_1_221' title='bbox 514 3341 656 3424; x_wconf 89' lang='lat' dir='ltr'>plurimis</span> <span class='ocrx_word' id='word_1_222' title='bbox 671 3343 805 3405; x_wconf 92' lang='lat' dir='ltr'>omnium</span> <span class='ocrx_word' id='word_1_223' title='bbox 820 3342 986 3405; x_wconf 80' lang='lat' dir='ltr'>virtutibus</span> <span class='ocrx_word' id='word_1_224' title='bbox 1002 3341 1085 3403; x_wconf 87' lang='lat' dir='ltr'>antc-</span> <span class='ocrx_word' id='word_1_225' title='bbox 1108 3421 1150 3487; x_wconf 68' lang='lat'>15</span> 
     </span>
     <span class='ocr_line' id='line_1_31' title="bbox 122 3428 712 3490; baseline -0.005 -2"><span class='ocrx_word' id='word_1_226' title='bbox 122 3428 264 3490; x_wconf 86' lang='lat' dir='ltr'>onuntur.</span> <span class='ocrx_word' id='word_1_227' title='bbox 708 3476 712 3485; x_wconf 95' lang='lat'><em>.</em></span> 
     </span>
    </p>

    <p class='ocr_par' dir='ltr' id='par_1_5' title="bbox 99 3443 1143 3680">
     <span class='ocr_line' id='line_1_32' title="bbox 100 3443 1143 3594; baseline -0.003 -21"><span class='ocrx_word' id='word_1_228' title='bbox 100 3443 121 3506; x_wconf 69' lang='lat' dir='ltr'><strong>p</strong></span> <span class='ocrx_word' id='word_1_229' title='bbox 187 3510 288 3574; x_wconf 84' lang='lat' dir='ltr'>Natus</span> <span class='ocrx_word' id='word_1_230' title='bbox 302 3510 400 3592; x_wconf 86' lang='lat' dir='ltr'>igitur</span> <span class='ocrx_word' id='word_1_231' title='bbox 415 3513 462 3573; x_wconf 85' lang='lat' dir='ltr'>eet</span> <span class='ocrx_word' id='word_1_232' title='bbox 476 3514 564 3594; x_wconf 86' lang='lat' dir='ltr'>patre</span> <span class='ocrx_word' id='word_1_233' title='bbox 579 3532 638 3593; x_wconf 89' lang='lat' dir='ltr'>quo</span> <span class='ocrx_word' id='word_1_234' title='bbox 653 3513 797 3590; x_wconf 75' lang='lat' dir='ltr'>diximus,</span> <span class='ocrx_word' id='word_1_235' title='bbox 821 3531 935 3592; x_wconf 88' lang='lat' dir='ltr'>genere</span> <span class='ocrx_word' id='word_1_236' title='bbox 949 3511 1085 3586; x_wconf 87' lang='lat' dir='ltr'>honesto,</span> <span class='ocrx_word' id='word_1_237' title='bbox 1107 3509 1143 3570; x_wconf 91' lang='grc' dir='ltr'>Π</span> 
     </span>
     <span class='ocr_line' id='line_1_33' title="bbox 99 3595 1086 3680; baseline -0.001 -21"><span class='ocrx_word' id='word_1_238' title='bbox 99 3614 217 3680; x_wconf 88' lang='lat' dir='ltr'>pauper</span> <span class='ocrx_word' id='word_1_239' title='bbox 237 3597 300 3660; x_wconf 91' lang='lat' dir='ltr'>iam</span> <span class='ocrx_word' id='word_1_240' title='bbox 321 3617 341 3661; x_wconf 91' lang='lat' dir='ltr'>a</span> <span class='ocrx_word' id='word_1_241' title='bbox 361 3596 528 3662; x_wconf 88' lang='lat' dir='ltr'>maioribus</span> <span class='ocrx_word' id='word_1_242' title='bbox 541 3599 677 3678; x_wconf 88' lang='lat' dir='ltr'>relictus,</span> <span class='ocrx_word' id='word_1_243' title='bbox 699 3599 837 3662; x_wconf 86' lang='lat' dir='ltr'>eruditus</span> <span class='ocrx_word' id='word_1_244' title='bbox 851 3601 953 3661; x_wconf 85' lang='lat' dir='ltr'>autem</span> <span class='ocrx_word' id='word_1_245' title='bbox 966 3595 1027 3674; x_wconf 85' lang='lat' dir='ltr'>sio,</span> <span class='ocrx_word' id='word_1_246' title='bbox 1048 3598 1086 3661; x_wconf 87' lang='lat' dir='ltr'>ut</span> 
     </span>
    </p>
   </div>
   <div class='ocr_carea' id='block_1_5' title="bbox 0 0 1256 4080">
    <p class='ocr_par' dir='ltr' id='par_1_6' title="bbox 0 0 1256 4080">
     <span class='ocr_line' id='line_1_34' title="bbox 0 0 1256 4080; baseline 0 0"><span class='ocrx_word' id='word_1_247' title='bbox 0 0 1256 4080; x_wconf 95' lang='lat' dir='ltr'> </span> 
     </span>
    </p>
   </div>
  </div>
 </body>
</html>
