2504 4080
163 116 207 181 54
536 115 596 177 IX.
620 113 768 177 CONON.

160 289 233 349 dum
248 286 415 359 misissent,
438 286 464 346 is
486 305 554 346 cum
577 287 696 347 rideret
726 286 785 346 sibi
806 287 954 347 adversus
970 287 1049 348 duos
1064 306 1145 368 prae·

160 374 256 433 sectos
267 372 378 451 regios,
389 373 619 433 Pharnabazum
629 375 661 432 et
674 371 917 453 Tissaphernem,
930 372 1142 447 dimicandum,

161 477 268 539 pacem
294 459 394 519 facere
419 476 488 518 cum
514 458 611 519 altero
633 459 748 519 statuit.
791 456 906 538 Aptior
931 458 1020 519 risus
1048 458 1144 520 Tissa·

163 545 304 625 phernes,
319 562 448 623 quocum
463 544 629 605 collocutus
644 543 758 604 bellum
772 543 951 624 composuit.
978 543 1071 607 Hanc
1084 564 1144 605 rem

7 681 9 686 .
120 631 141 694 5
163 630 378 693 Pharnabazus
402 629 483 710 apud
502 649 608 709 regem
628 629 806 690 criminatur
827 636 858 691 ct
884 630 1022 691 animum
1043 630 1144 692 cinea

163 716 367 797 Tissapherne
387 717 515 788 alienat;
539 713 630 774 simul
652 716 803 791 hortatur,
830 717 865 775 nt
886 714 919 774 in
940 715 1045 777 locum
1067 716 1144 777 illins

163 803 282 863 navalis
304 802 377 862 belli
398 801 506 861 ducem
520 800 651 880 eligeret
667 797 821 862 Cononem
835 799 1073 876 Atheniensem,
1097 799 1144 880 qui

163 888 275 949 amissa
297 887 377 947 bello
399 887 498 966 patria
513 882 609 966 Cypri
633 886 796 948 exsularet.
842 885 964 967 Quippe
979 886 1144 949 Athenien-

163 974 257 1048 sibus,
270 973 327 1032 ctsi
339 973 453 1032 fractae
465 972 526 1032 sint
536 973 628 1044 vires,
641 991 763 1033 manere
774 974 874 1033 tamen
886 973 1033 1034 navalem
1043 992 1143 1045 usnm;

101 1060 142 1124 10
164 1077 221 1119 nec
241 1057 267 1116 si
289 1056 448 1135 eligendus
469 1058 509 1117 sit
530 1077 570 1117 ex
589 1058 756 1133 universis,
778 1057 937 1119 meliorem
959 1059 1059 1120 alium
1074 1078 1144 1120 esse.

163 1141 307 1223 Acceptis
322 1143 417 1221 igitur
432 1142 652 1223 quinquaginta
673 1143 796 1204 talentis
812 1143 912 1204 iussus
927 1147 976 1204 est
992 1141 1145 1207 Cononem

164 1229 255 1289 classi
274 1229 447 1307 praeficere.
492 1227 694 1308 Posteaquam
715 1228 880 1307 Agesilaus
908 1249 978 1290 cnm
998 1231 1097 1311 copiis
1118 1231 1145 1291 in

164 1312 271 1376 Asiam
293 1316 390 1389 venit,
414 1314 490 1375 nihil
510 1317 614 1376 contra
634 1334 704 1375 cum
726 1312 830 1376 Conon
849 1315 973 1376 molitus
993 1320 1057 1389 est,
1081 1335 1146 1378 curn

164 1401 313 1462 seditione
335 1402 468 1462 militum
490 1401 716 1480 prohiberetur,
740 1420 815 1480 quos
836 1401 981 1481 praelecti
995 1402 1082 1480 regis
1098 1400 1146 1461 sti-

102 1485 142 1549 15
165 1487 275 1566 pendio
291 1487 433 1549 fraudare
450 1486 533 1547 soliti
548 1490 642 1546 erant.
686 1485 795 1566 Itaque
809 1506 883 1566 rege
898 1487 952 1547 din
966 1506 1023 1566 per
1037 1486 1147 1567 episto·

165 1573 210 1632 las
226 1573 340 1632 frustra
355 1572 483 1649 fatigato
498 1577 650 1653 postremo
666 1571 733 1651 ipse
747 1572 786 1632 ad
801 1592 871 1633 eum
889 1573 1006 1653 pergit3
1030 1592 1049 1633 a
1064 1572 1148 1633 cuius

165 1656 311 1736 adspectu
326 1660 357 1717 et
373 1657 521 1735 colloquio
537 1657 706 1735 prohibitus
722 1661 783 1732 est,
800 1676 869 1718 cum
883 1678 968 1720 more
982 1657 1147 1720 Persarum

164 1741 291 1803 adorare
308 1742 411 1804 nollet.
434 1740 514 1803 Nam
526 1742 659 1822 primum
670 1743 709 1804 ad
721 1744 928 1805 Tithrausten
938 1744 1147 1818 chiliarchum,

164 1828 216 1907 qui
242 1829 408 1889 secundum
433 1828 564 1906 gradum
590 1828 711 1908 imperii
736 1831 873 1905 tenebat,
900 1829 1031 1891 accessit
1057 1848 1148 1910 seque

100 1911 143 1976 20
165 1913 298 1975 ostendit
318 1933 388 1975 cum
411 1933 487 1992 rege
508 1915 639 1994 colloqui
660 1914 750 1974 velle.
795 1914 892 1976 Nemo
914 1915 996 1977 enim
1011 1915 1080 1977 sine
1093 1917 1149 1976 hcc

165 2000 391 2062 admittebatur.
446 1999 528 2060 Huic
559 2000 612 2061 ille
638 1999 767 2075 Nulla,
801 2001 914 2080 inquit,
947 2020 1053 2064 mora
1080 2002 1148 2074 sst;

168 2086 232 2146 sed
254 2090 291 2146 tu
316 2086 505 2160 delibera,
530 2090 655 2147 utrum
679 2086 857 2166 colloqui
872 2086 999 2162 malis,
1023 2104 1150 2167 anper

167 2170 311 2231 literas
348 2189 479 2250 agere,
517 2190 613 2250 quac
653 2172 817 2250 cogitas.
883 2171 1061 2233 Necesse
1090 2174 1151 2235 est

167 2253 277 2330 enim,
305 2256 398 2316 siin
420 2264 663 2335 conspectum
691 2257 861 2332 veneris,
895 2258 1083 2320 venerari
1115 2263 1151 2318 tc

102 2339 144 2403 25
166 2359 293 2418 regem
319 2341 412 2421 (quod
436 2340 659 2425 προσκύνησιν
684 2342 730 2403 illi
756 2340 895 2427 vocant);
922 2344 992 2405 hoe
1020 2344 1054 2404 si
1077 2342 1152 2405 tibi

167 2444 288 2506 grave
314 2430 385 2500 est,
412 2445 479 2507 per
504 2446 561 2486 mc
586 2427 711 2488 nihilo
738 2429 871 2489 secius
897 2429 1020 2490 editi·
1047 2448 1152 2491 man·

168 2511 271 2573 datis
292 2512 495 2586 conficies,
519 2512 616 2592 quod
637 2514 778 2574 studes.
824 2515 903 2575 'Puni
927 2511 1034 2576 Conon
1052 2514 1153 2575 Mihi

166 2617 268 2674 vero,
292 2598 399 2678 inquit,
426 2617 501 2660 non
526 2602 585 2660 est
606 2617 728 2677 grave
758 2600 934 2680 quemvis
964 2601 1152 2662 honorem

167 2686 306 2746 habere
327 2686 424 2767 regi;
449 2684 512 2746 sed
535 2703 683 2759 vereor,
710 2704 756 2745 ne
782 2685 941 2748 civitati
968 2705 1074 2748 meae
1100 2685 1153 2747 sit

101 2765 145 2830 30
167 2772 385 2851 opprobrio,
408 2772 455 2846 si,
479 2789 562 2832 cum
583 2791 628 2832 ex
653 2790 697 2832 ea
717 2771 785 2833 sim
811 2772 1027 2852 proiectus,
1055 2789 1154 2851 quae

169 2856 314 2915 ceteris
339 2857 524 2936 gentibus
550 2856 746 2936 imperare
772 2857 991 2931 consuevit,
1019 2857 1153 2937 potius

168 2940 436 3017 barbarorum,
462 2959 571 3020 quam
593 2941 708 3002 illius
730 2962 833 3004 more
848 2943 998 3021 fungar.
1044 2942 1154 3022 Itaque

168 3025 241 3104 egit¹
250 3043 319 3084 cum
334 3046 408 3106 rege
423 3045 477 3106 per
492 3026 694 3089 internuntios
709 3031 741 3088 et
755 3031 880 3108 questus
903 3029 963 3103 est,
987 3027 1154 3107 opulentis·

167 3110 237 3171 simi
261 3110 345 3189 regis
373 3111 455 3172 bella
480 3110 584 3190 inopia
609 3111 705 3174 dilabi
729 3116 761 3174 et
780 3114 832 3193 qui
854 3113 1025 3176 exercitum
1047 3131 1155 3194 parem

100 3191 145 3258 35
167 3195 305 3257 hostibus
318 3197 451 3270 haberet,
464 3196 592 3276 pecunia
603 3198 693 3273 vinci,
707 3218 765 3276 qua
773 3201 949 3278 praestaret,
962 3199 1155 3261 inferiorem-

167 3302 225 3362 que
247 3301 283 3343 ca
308 3287 394 3363 parte
409 3282 521 3342 virium
536 3282 682 3359 inveniri,
704 3303 765 3362 qua
788 3286 884 3346 multo
904 3284 1042 3365 superior
1063 3288 1154 3347 essct.

168 3367 323 3444 Postulat,
346 3376 380 3429 ut
403 3368 461 3428 sibi
476 3368 565 3429 detur
580 3367 719 3429 minister
734 3370 904 3451 impensae,
926 3368 998 3450 quia
1013 3369 1156 3451 pluribus

169 3453 202 3513 id
216 3455 364 3516 mandare
378 3454 584 3536 periculosum
599 3454 648 3515 sit.
