<?xml version="1.0" encoding="UTF-8"?>
<!DOCTYPE html PUBLIC "-//W3C//DTD XHTML 1.0 Transitional//EN"
    "http://www.w3.org/TR/xhtml1/DTD/xhtml1-transitional.dtd">
<html xmlns="http://www.w3.org/1999/xhtml" xml:lang="en" lang="en">
 <head>
  <title>
</title>
<meta http-equiv="Content-Type" content="text/html;charset=utf-8" />
  <meta name='ocr-system' content='tesseract 3.04.00' />
  <meta name='ocr-capabilities' content='ocr_page ocr_carea ocr_par ocr_line ocrx_word'/>
</head>
<body>
  <div class='ocr_page' id='page_1' title='image "./liberdeexcelben00nepogoog_0129.png"; bbox 0 0 2542 4088; ppageno 0'>
   <div class='ocr_carea' id='block_1_1' title="bbox 171 243 819 312">
    <p class='ocr_par' dir='ltr' id='par_1_1' title="bbox 171 243 819 312">
     <span class='ocr_line' id='line_1_1' title="bbox 171 243 819 312; baseline -0.008 -1"><span class='ocrx_word' id='word_1_1' title='bbox 171 247 234 312; x_wconf 74' lang='lat'>104</span> <span class='ocrx_word' id='word_1_2' title='bbox 497 246 590 309; x_wconf 89' lang='lat' dir='ltr'>XIX.</span> <span class='ocrx_word' id='word_1_3' title='bbox 612 243 819 309; x_wconf 84' lang='lat' dir='ltr'>EUMENES.</span> 
     </span>
    </p>
   </div>
   <div class='ocr_carea' id='block_1_2' title="bbox 108 417 1168 3680">
    <p class='ocr_par' dir='ltr' id='par_1_2' title="bbox 126 417 1156 1188">
     <span class='ocr_line' id='line_1_2' title="bbox 169 417 1155 499; baseline -0.002 -18"><span class='ocrx_word' id='word_1_4' title='bbox 169 424 257 482; x_wconf 89' lang='lat' dir='ltr'>nocte</span> <span class='ocrx_word' id='word_1_5' title='bbox 270 439 363 499; x_wconf 90' lang='lat' dir='ltr'>quam</span> <span class='ocrx_word' id='word_1_6' title='bbox 377 419 525 480; x_wconf 88' lang='lat' dir='ltr'>latissime</span> <span class='ocrx_word' id='word_1_7' title='bbox 538 419 656 499; x_wconf 80' lang='lat' dir='ltr'>possint</span> <span class='ocrx_word' id='word_1_8' title='bbox 670 419 757 497; x_wconf 84' lang='lat' dir='ltr'>ignes</span> <span class='ocrx_word' id='word_1_9' title='bbox 773 417 886 479; x_wconf 82' lang='lat' dir='ltr'>saciant</span> <span class='ocrx_word' id='word_1_10' title='bbox 896 422 986 496; x_wconf 86' lang='lat' dir='ltr'>quam</span> <span class='ocrx_word' id='word_1_11' title='bbox 997 417 1155 479; x_wconf 84' lang='lat' dir='ltr'>maximos</span> 
     </span>
     <span class='ocr_line' id='line_1_3' title="bbox 169 504 1153 585; baseline -0.003 -18"><span class='ocrx_word' id='word_1_12' title='bbox 169 513 260 585; x_wconf 89' lang='lat' dir='ltr'>atquc</span> <span class='ocrx_word' id='word_1_13' title='bbox 275 506 330 566; x_wconf 91' lang='lat' dir='ltr'>hos</span> <span class='ocrx_word' id='word_1_14' title='bbox 346 505 479 580; x_wconf 89' lang='lat' dir='ltr'>secunda</span> <span class='ocrx_word' id='word_1_15' title='bbox 493 505 601 585; x_wconf 82' lang='lat' dir='ltr'>vigilia</span> <span class='ocrx_word' id='word_1_16' title='bbox 615 506 761 580; x_wconf 89' lang='lat' dir='ltr'>minuant,</span> <span class='ocrx_word' id='word_1_17' title='bbox 778 505 868 564; x_wconf 90' lang='lat' dir='ltr'>tertia</span> <span class='ocrx_word' id='word_1_18' title='bbox 882 504 1068 584; x_wconf 86' lang='lat' dir='ltr'>perexiguos</span> <span class='ocrx_word' id='word_1_19' title='bbox 1082 505 1153 565; x_wconf 91' lang='lat' dir='ltr'>red-</span> 
     </span>
     <span class='ocr_line' id='line_1_4' title="bbox 169 590 1155 669; baseline -0.001 -17"><span class='ocrx_word' id='word_1_20' title='bbox 169 593 243 653; x_wconf 89' lang='lat' dir='ltr'>dant</span> <span class='ocrx_word' id='word_1_21' title='bbox 264 597 295 652; x_wconf 88' lang='lat' dir='ltr'>et</span> <span class='ocrx_word' id='word_1_22' title='bbox 316 592 494 652; x_wconf 89' lang='lat' dir='ltr'>assimulata</span> <span class='ocrx_word' id='word_1_23' title='bbox 515 597 683 651; x_wconf 89' lang='lat' dir='ltr'>castrorum</span> <span class='ocrx_word' id='word_1_24' title='bbox 705 590 923 650; x_wconf 89' lang='lat' dir='ltr'>consuetudine</span> <span class='ocrx_word' id='word_1_25' title='bbox 949 591 1155 669; x_wconf 81' lang='lat' dir='ltr'>suspicionem</span> 
     </span>
     <span class='ocr_line' id='line_1_5' title="bbox 169 676 1154 739; baseline -0.001 0"><span class='ocrx_word' id='word_1_26' title='bbox 169 678 293 739; x_wconf 79' lang='lat' dir='ltr'>iniciant</span> <span class='ocrx_word' id='word_1_27' title='bbox 308 678 444 738; x_wconf 83' lang='lat' dir='ltr'>hostibus</span> <span class='ocrx_word' id='word_1_28' title='bbox 456 678 500 738; x_wconf 89' lang='lat' dir='ltr'>eis</span> <span class='ocrx_word' id='word_1_29' title='bbox 516 678 589 738; x_wconf 90' lang='lat' dir='ltr'>locis</span> <span class='ocrx_word' id='word_1_30' title='bbox 605 696 672 737; x_wconf 88' lang='lat' dir='ltr'>esse</span> <span class='ocrx_word' id='word_1_31' title='bbox 685 685 784 738; x_wconf 88' lang='lat' dir='ltr'>castra</span> <span class='ocrx_word' id='word_1_32' title='bbox 797 693 833 736; x_wconf 90' lang='lat' dir='ltr'>ac</span> <span class='ocrx_word' id='word_1_33' title='bbox 848 676 886 736; x_wconf 90' lang='lat' dir='ltr'>de</span> <span class='ocrx_word' id='word_1_34' title='bbox 901 695 1004 736; x_wconf 91' lang='lat' dir='ltr'>eorum</span> <span class='ocrx_word' id='word_1_35' title='bbox 1016 677 1154 738; x_wconf 83' lang='lat' dir='ltr'>adventu</span> 
     </span>
     <span class='ocr_line' id='line_1_6' title="bbox 126 761 1155 844; baseline -0.001 -20"><span class='ocrx_word' id='word_1_36' title='bbox 126 761 147 824; x_wconf 77' lang='grc' dir='ltr'>ἶ)</span> <span class='ocrx_word' id='word_1_37' title='bbox 170 784 237 824; x_wconf 85' lang='lat' dir='ltr'>esse</span> <span class='ocrx_word' id='word_1_38' title='bbox 251 765 507 844; x_wconf 89' lang='lat' dir='ltr'>praenuntiatum,</span> <span class='ocrx_word' id='word_1_39' title='bbox 525 764 665 841; x_wconf 83' lang='lat' dir='ltr'>idemque</span> <span class='ocrx_word' id='word_1_40' title='bbox 680 770 801 842; x_wconf 85' lang='lat' dir='ltr'>postera</span> <span class='ocrx_word' id='word_1_41' title='bbox 815 768 902 822; x_wconf 89' lang='lat' dir='ltr'>nocto</span> <span class='ocrx_word' id='word_1_42' title='bbox 918 762 1039 824; x_wconf 89' lang='lat' dir='ltr'>faciant.</span> <span class='ocrx_word' id='word_1_43' title='bbox 1077 761 1155 832; x_wconf 78' lang='lat' dir='ltr'>Qui-</span> 
     </span>
     <span class='ocr_line' id='line_1_7' title="bbox 168 848 1154 930; baseline -0.002 -20"><span class='ocrx_word' id='word_1_44' title='bbox 168 851 226 911; x_wconf 91' lang='lat' dir='ltr'>bus</span> <span class='ocrx_word' id='word_1_45' title='bbox 241 851 423 930; x_wconf 91' lang='lat' dir='ltr'>imperatum</span> <span class='ocrx_word' id='word_1_46' title='bbox 438 853 505 910; x_wconf 89' lang='lat' dir='ltr'>erat</span> <span class='ocrx_word' id='word_1_47' title='bbox 519 850 683 927; x_wconf 90' lang='lat' dir='ltr'>diligenter</span> <span class='ocrx_word' id='word_1_48' title='bbox 698 856 894 928; x_wconf 88' lang='lat' dir='ltr'>praeceptum</span> <span class='ocrx_word' id='word_1_49' title='bbox 910 852 1024 909; x_wconf 89' lang='lat' dir='ltr'>curant.</span> <span class='ocrx_word' id='word_1_50' title='bbox 1062 848 1154 909; x_wconf 83' lang='lat' dir='ltr'>Anti-</span> 
     </span>
     <span class='ocr_line' id='line_1_8' title="bbox 170 930 1156 1015; baseline -0.002 -18"><span class='ocrx_word' id='word_1_51' title='bbox 170 957 269 1015; x_wconf 88' lang='lat' dir='ltr'>gonus</span> <span class='ocrx_word' id='word_1_52' title='bbox 285 937 418 997; x_wconf 85' lang='lat' dir='ltr'>tenebris</span> <span class='ocrx_word' id='word_1_53' title='bbox 433 936 547 996; x_wconf 91' lang='lat' dir='ltr'>obortis</span> <span class='ocrx_word' id='word_1_54' title='bbox 569 936 656 1014; x_wconf 84' lang='lat' dir='ltr'>ignes</span> <span class='ocrx_word' id='word_1_55' title='bbox 678 935 876 1014; x_wconf 76' lang='lat' dir='ltr'>conspicatur.</span> <span class='ocrx_word' id='word_1_56' title='bbox 923 930 1030 994; x_wconf 80' lang='lat' dir='ltr'>Credit</span> <span class='ocrx_word' id='word_1_57' title='bbox 1042 933 1079 992; x_wconf 90' lang='lat' dir='ltr'>de</span> <span class='ocrx_word' id='word_1_58' title='bbox 1094 954 1156 995; x_wconf 88' lang='lat' dir='ltr'>suo</span> 
     </span>
     <span class='ocr_line' id='line_1_9' title="bbox 171 1011 1154 1083; baseline -0.005 0"><span class='ocrx_word' id='word_1_59' title='bbox 171 1024 306 1083; x_wconf 83' lang='lat' dir='ltr'>adventu</span> <span class='ocrx_word' id='word_1_60' title='bbox 322 1042 388 1082; x_wconf 81' lang='lat' dir='ltr'>esse</span> <span class='ocrx_word' id='word_1_61' title='bbox 404 1021 540 1081; x_wconf 90' lang='lat' dir='ltr'>auditum</span> <span class='ocrx_word' id='word_1_62' title='bbox 552 1030 583 1081; x_wconf 90' lang='lat' dir='ltr'>et</span> <span class='ocrx_word' id='word_1_63' title='bbox 594 1021 785 1081; x_wconf 86' lang='lat' dir='ltr'>adversarios</span> <span class='ocrx_word' id='word_1_64' title='bbox 796 1020 871 1080; x_wconf 90' lang='lat' dir='ltr'>illuc</span> <span class='ocrx_word' id='word_1_65' title='bbox 881 1039 952 1080; x_wconf 88' lang='lat' dir='ltr'>suas</span> <span class='ocrx_word' id='word_1_66' title='bbox 963 1011 1154 1080; x_wconf 79' lang='lat' dir='ltr'>contraxisse</span> 
     </span>
     <span class='ocr_line' id='line_1_10' title="bbox 171 1105 1153 1188; baseline -0.003 -20"><span class='ocrx_word' id='word_1_67' title='bbox 171 1110 282 1188; x_wconf 85' lang='lat' dir='ltr'>copias.</span> <span class='ocrx_word' id='word_1_68' title='bbox 324 1108 426 1167; x_wconf 86' lang='lat' dir='ltr'>Mutat</span> <span class='ocrx_word' id='word_1_69' title='bbox 440 1107 597 1166; x_wconf 89' lang='lat' dir='ltr'>consilium</span> <span class='ocrx_word' id='word_1_70' title='bbox 614 1117 645 1166; x_wconf 90' lang='lat' dir='ltr'>et</span> <span class='ocrx_word' id='word_1_71' title='bbox 660 1125 729 1166; x_wconf 92' lang='lat' dir='ltr'>cum</span> <span class='ocrx_word' id='word_1_72' title='bbox 743 1107 951 1185; x_wconf 84' lang='lat' dir='ltr'>imprudentes</span> <span class='ocrx_word' id='word_1_73' title='bbox 966 1105 1075 1167; x_wconf 89' lang='lat' dir='ltr'>adoriri</span> <span class='ocrx_word' id='word_1_74' title='bbox 1088 1124 1153 1165; x_wconf 86' lang='lat' dir='ltr'>non</span> 
     </span>
    </p>

    <p class='ocr_par' dir='ltr' id='par_1_3' title="bbox 109 1188 1160 1532">
     <span class='ocr_line' id='line_1_11' title="bbox 109 1188 1155 1274; baseline 0.001 -24"><span class='ocrx_word' id='word_1_75' title='bbox 109 1188 150 1251; x_wconf 90' lang='grc'>10</span> <span class='ocrx_word' id='word_1_76' title='bbox 170 1197 287 1274; x_wconf 88' lang='lat' dir='ltr'>posset,</span> <span class='ocrx_word' id='word_1_77' title='bbox 314 1193 410 1253; x_wconf 87' lang='lat' dir='ltr'>flectit</span> <span class='ocrx_word' id='word_1_78' title='bbox 433 1193 493 1253; x_wconf 89' lang='lat' dir='ltr'>iter</span> <span class='ocrx_word' id='word_1_79' title='bbox 517 1212 605 1252; x_wconf 88' lang='lat' dir='ltr'>suum</span> <span class='ocrx_word' id='word_1_80' title='bbox 632 1195 663 1252; x_wconf 90' lang='lat' dir='ltr'>et</span> <span class='ocrx_word' id='word_1_81' title='bbox 683 1193 771 1251; x_wconf 91' lang='lat' dir='ltr'>illum</span> <span class='ocrx_word' id='word_1_82' title='bbox 794 1193 962 1252; x_wconf 80' lang='lat' dir='ltr'>anfractum</span> <span class='ocrx_word' id='word_1_83' title='bbox 982 1191 1155 1270; x_wconf 89' lang='lat' dir='ltr'>longiorem</span> 
     </span>
     <span class='ocr_line' id='line_1_12' title="bbox 173 1277 1156 1358; baseline -0.004 -18"><span class='ocrx_word' id='word_1_84' title='bbox 173 1280 311 1358; x_wconf 87' lang='lat' dir='ltr'>copiosae</span> <span class='ocrx_word' id='word_1_85' title='bbox 333 1279 403 1339; x_wconf 87' lang='lat' dir='ltr'>viae</span> <span class='ocrx_word' id='word_1_86' title='bbox 425 1278 506 1358; x_wconf 88' lang='lat' dir='ltr'>capit</span> <span class='ocrx_word' id='word_1_87' title='bbox 521 1278 622 1356; x_wconf 87' lang='lat' dir='ltr'>ibique</span> <span class='ocrx_word' id='word_1_88' title='bbox 637 1279 717 1338; x_wconf 92' lang='lat' dir='ltr'>diem</span> <span class='ocrx_word' id='word_1_89' title='bbox 732 1297 826 1337; x_wconf 90' lang='lat' dir='ltr'>unum</span> <span class='ocrx_word' id='word_1_90' title='bbox 842 1278 997 1356; x_wconf 88' lang='lat' dir='ltr'>opperitur</span> <span class='ocrx_word' id='word_1_91' title='bbox 1011 1278 1051 1338; x_wconf 90' lang='lat' dir='ltr'>ad</span> <span class='ocrx_word' id='word_1_92' title='bbox 1066 1277 1156 1337; x_wconf 87' lang='lat' dir='ltr'>lassi·</span> 
     </span>
     <span class='ocr_line' id='line_1_13' title="bbox 172 1363 1160 1442; baseline -0.001 -17"><span class='ocrx_word' id='word_1_93' title='bbox 172 1366 309 1426; x_wconf 91' lang='lat' dir='ltr'>tudinem</span> <span class='ocrx_word' id='word_1_94' title='bbox 329 1364 496 1425; x_wconf 87' lang='lat' dir='ltr'>sedandam</span> <span class='ocrx_word' id='word_1_95' title='bbox 517 1364 648 1424; x_wconf 81' lang='lat' dir='ltr'>militum</span> <span class='ocrx_word' id='word_1_96' title='bbox 674 1382 710 1424; x_wconf 88' lang='lat' dir='ltr'>ac</span> <span class='ocrx_word' id='word_1_97' title='bbox 733 1363 895 1425; x_wconf 85' lang='lat' dir='ltr'>reficienda</span> <span class='ocrx_word' id='word_1_98' title='bbox 918 1364 1068 1438; x_wconf 89' lang='lat' dir='ltr'>iumenta,</span> <span class='ocrx_word' id='word_1_99' title='bbox 1096 1382 1160 1442; x_wconf 85' lang='lat' dir='ltr'>quc</span> 
     </span>
     <span class='ocr_line' id='line_1_14' title="bbox 173 1450 690 1532; baseline -0.006 -20"><span class='ocrx_word' id='word_1_100' title='bbox 173 1451 338 1532; x_wconf 88' lang='lat' dir='ltr'>integriore</span> <span class='ocrx_word' id='word_1_101' title='bbox 353 1451 491 1511; x_wconf 88' lang='lat' dir='ltr'>exercitu</span> <span class='ocrx_word' id='word_1_102' title='bbox 505 1450 690 1511; x_wconf 87' lang='lat' dir='ltr'>decerneret.</span> 
     </span>
    </p>

    <p class='ocr_par' dir='ltr' id='par_1_4' title="bbox 118 1531 1160 1614">
     <span class='ocr_line' id='line_1_15' title="bbox 118 1531 1160 1614; baseline 0.003 -21"><span class='ocrx_word' id='word_1_103' title='bbox 118 1531 153 1593; x_wconf 88' lang='lat' dir='ltr'>X</span> <span class='ocrx_word' id='word_1_104' title='bbox 262 1537 321 1597; x_wconf 86' lang='lat' dir='ltr'>llic</span> <span class='ocrx_word' id='word_1_105' title='bbox 343 1536 496 1598; x_wconf 89' lang='lat' dir='ltr'>Eumenes</span> <span class='ocrx_word' id='word_1_106' title='bbox 522 1536 665 1596; x_wconf 88' lang='lat' dir='ltr'>callidum</span> <span class='ocrx_word' id='word_1_107' title='bbox 690 1535 903 1614; x_wconf 86' lang='lat' dir='ltr'>imperatorem</span> <span class='ocrx_word' id='word_1_108' title='bbox 928 1534 1004 1595; x_wconf 87' lang='lat' dir='ltr'>vicit</span> <span class='ocrx_word' id='word_1_109' title='bbox 1029 1534 1160 1596; x_wconf 89' lang='lat' dir='ltr'>consilio</span> 
     </span>
    </p>

    <p class='ocr_par' dir='ltr' id='par_1_5' title="bbox 109 1615 1162 2046">
     <span class='ocr_line' id='line_1_16' title="bbox 109 1615 1158 1702; baseline 0.002 -23"><span class='ocrx_word' id='word_1_110' title='bbox 109 1615 150 1679; x_wconf 83' lang='lat'>15</span> <span class='ocrx_word' id='word_1_111' title='bbox 173 1623 421 1702; x_wconf 89' lang='lat' dir='ltr'>celeritatemque</span> <span class='ocrx_word' id='word_1_112' title='bbox 436 1622 595 1702; x_wconf 85' lang='lat' dir='ltr'>impedivit</span> <span class='ocrx_word' id='word_1_113' title='bbox 609 1622 689 1681; x_wconf 88' lang='lat' dir='ltr'>eius:</span> <span class='ocrx_word' id='word_1_114' title='bbox 710 1641 809 1700; x_wconf 91' lang='lat' dir='ltr'>neque</span> <span class='ocrx_word' id='word_1_115' title='bbox 824 1628 924 1682; x_wconf 87' lang='lat' dir='ltr'>tamen</span> <span class='ocrx_word' id='word_1_116' title='bbox 939 1621 1071 1680; x_wconf 89' lang='lat' dir='ltr'>multum</span> <span class='ocrx_word' id='word_1_117' title='bbox 1088 1639 1158 1700; x_wconf 86' lang='lat' dir='ltr'>pro-</span> 
     </span>
     <span class='ocr_line' id='line_1_17' title="bbox 172 1707 1160 1786; baseline -0.001 -18"><span class='ocrx_word' id='word_1_118' title='bbox 172 1709 252 1769; x_wconf 85' lang='lat' dir='ltr'>fecit.</span> <span class='ocrx_word' id='word_1_119' title='bbox 296 1708 376 1769; x_wconf 82' lang='lat' dir='ltr'>Nam</span> <span class='ocrx_word' id='word_1_120' title='bbox 405 1709 522 1768; x_wconf 89' lang='lat' dir='ltr'>invidia</span> <span class='ocrx_word' id='word_1_121' title='bbox 547 1707 657 1767; x_wconf 91' lang='lat' dir='ltr'>ducum</span> <span class='ocrx_word' id='word_1_122' title='bbox 679 1708 857 1785; x_wconf 87' lang='lat' dir='ltr'>quibuscum</span> <span class='ocrx_word' id='word_1_123' title='bbox 879 1713 945 1767; x_wconf 91' lang='lat' dir='ltr'>erat</span> <span class='ocrx_word' id='word_1_124' title='bbox 969 1707 1160 1786; x_wconf 88' lang='lat' dir='ltr'>perfidiaque</span> 
     </span>
     <span class='ocr_line' id='line_1_18' title="bbox 174 1792 1161 1872; baseline -0.001 -18"><span class='ocrx_word' id='word_1_125' title='bbox 174 1794 374 1855; x_wconf 86' lang='lat' dir='ltr'>Macedonum</span> <span class='ocrx_word' id='word_1_126' title='bbox 389 1798 612 1867; x_wconf 79' lang='lat' dir='ltr'>veteranorum,</span> <span class='ocrx_word' id='word_1_127' title='bbox 636 1813 705 1854; x_wconf 91' lang='lat' dir='ltr'>cum</span> <span class='ocrx_word' id='word_1_128' title='bbox 720 1793 858 1872; x_wconf 88' lang='lat' dir='ltr'>superior</span> <span class='ocrx_word' id='word_1_129' title='bbox 873 1792 986 1872; x_wconf 90' lang='lat' dir='ltr'>proelio</span> <span class='ocrx_word' id='word_1_130' title='bbox 1002 1793 1161 1853; x_wconf 81' lang='lat' dir='ltr'>discessis·</span> 
     </span>
     <span class='ocr_line' id='line_1_19' title="bbox 175 1879 1162 1961; baseline -0.002 -21"><span class='ocrx_word' id='word_1_131' title='bbox 175 1885 229 1955; x_wconf 87' lang='lat' dir='ltr'>set,</span> <span class='ocrx_word' id='word_1_132' title='bbox 247 1881 401 1961; x_wconf 86' lang='lat' dir='ltr'>Antigono</span> <span class='ocrx_word' id='word_1_133' title='bbox 417 1885 464 1940; x_wconf 89' lang='lat' dir='ltr'>est</span> <span class='ocrx_word' id='word_1_134' title='bbox 478 1880 608 1952; x_wconf 78' lang='lat' dir='ltr'>deditae,</span> <span class='ocrx_word' id='word_1_135' title='bbox 630 1898 698 1939; x_wconf 91' lang='lat' dir='ltr'>cum</span> <span class='ocrx_word' id='word_1_136' title='bbox 713 1880 865 1939; x_wconf 84' lang='lat' dir='ltr'>exercitus</span> <span class='ocrx_word' id='word_1_137' title='bbox 881 1879 909 1939; x_wconf 93' lang='lat' dir='ltr'>ei</span> <span class='ocrx_word' id='word_1_138' title='bbox 924 1889 970 1938; x_wconf 90' lang='lat' dir='ltr'>ter</span> <span class='ocrx_word' id='word_1_139' title='bbox 986 1890 1057 1939; x_wconf 88' lang='lat' dir='ltr'>ante</span> <span class='ocrx_word' id='word_1_140' title='bbox 1072 1897 1162 1958; x_wconf 87' lang='lat' dir='ltr'>sepa·</span> 
     </span>
     <span class='ocr_line' id='line_1_20' title="bbox 174 1965 1161 2046; baseline -0.002 -20"><span class='ocrx_word' id='word_1_141' title='bbox 174 1967 249 2026; x_wconf 88' lang='lat' dir='ltr'>ratis</span> <span class='ocrx_word' id='word_1_142' title='bbox 265 1966 451 2046; x_wconf 88' lang='lat' dir='ltr'>temporibus</span> <span class='ocrx_word' id='word_1_143' title='bbox 467 1965 599 2026; x_wconf 90' lang='lat' dir='ltr'>iurasset</span> <span class='ocrx_word' id='word_1_144' title='bbox 613 1985 646 2024; x_wconf 90' lang='lat' dir='ltr'>se</span> <span class='ocrx_word' id='word_1_145' title='bbox 666 1978 735 2025; x_wconf 84' lang='lat' dir='ltr'>eum</span> <span class='ocrx_word' id='word_1_146' title='bbox 756 1965 950 2025; x_wconf 83' lang='lat' dir='ltr'>defensurum</span> <span class='ocrx_word' id='word_1_147' title='bbox 973 1984 1073 2044; x_wconf 90' lang='lat' dir='ltr'>neque</span> <span class='ocrx_word' id='word_1_148' title='bbox 1093 1984 1161 2024; x_wconf 92' lang='lat' dir='ltr'>um-</span> 
     </span>
    </p>

    <p class='ocr_par' dir='ltr' id='par_1_6' title="bbox 110 2043 1162 2474">
     <span class='ocr_line' id='line_1_21' title="bbox 110 2043 1162 2131; baseline 0.003 -24"><span class='ocrx_word' id='word_1_149' title='bbox 110 2043 154 2107; x_wconf 74' lang='lat'>20</span> <span class='ocrx_word' id='word_1_150' title='bbox 175 2071 265 2131; x_wconf 89' lang='lat' dir='ltr'>quam</span> <span class='ocrx_word' id='word_1_151' title='bbox 287 2053 486 2112; x_wconf 87' lang='lat' dir='ltr'>deserturum.</span> <span class='ocrx_word' id='word_1_152' title='bbox 532 2049 592 2111; x_wconf 78' lang='lat' dir='ltr'>Sed</span> <span class='ocrx_word' id='word_1_153' title='bbox 615 2055 700 2111; x_wconf 88' lang='lat' dir='ltr'>tanta</span> <span class='ocrx_word' id='word_1_154' title='bbox 721 2052 779 2112; x_wconf 86' lang='lat' dir='ltr'>fuit</span> <span class='ocrx_word' id='word_1_155' title='bbox 799 2051 1012 2112; x_wconf 90' lang='lat' dir='ltr'>nonnullorum</span> <span class='ocrx_word' id='word_1_156' title='bbox 1034 2051 1162 2110; x_wconf 84' lang='lat' dir='ltr'>virtutis</span> 
     </span>
     <span class='ocr_line' id='line_1_22' title="bbox 175 2137 1159 2216; baseline -0.006 -16"><span class='ocrx_word' id='word_1_157' title='bbox 175 2139 369 2212; x_wconf 85' lang='lat' dir='ltr'>obtrectatio,</span> <span class='ocrx_word' id='word_1_158' title='bbox 396 2146 431 2199; x_wconf 89' lang='lat' dir='ltr'>ut</span> <span class='ocrx_word' id='word_1_159' title='bbox 455 2139 547 2198; x_wconf 89' lang='lat' dir='ltr'>fidem</span> <span class='ocrx_word' id='word_1_160' title='bbox 570 2138 711 2198; x_wconf 87' lang='lat' dir='ltr'>amittere</span> <span class='ocrx_word' id='word_1_161' title='bbox 736 2137 861 2198; x_wconf 89' lang='lat' dir='ltr'>mallent</span> <span class='ocrx_word' id='word_1_162' title='bbox 889 2155 981 2216; x_wconf 88' lang='lat' dir='ltr'>quam</span> <span class='ocrx_word' id='word_1_163' title='bbox 1005 2156 1073 2196; x_wconf 92' lang='lat' dir='ltr'>eum</span> <span class='ocrx_word' id='word_1_164' title='bbox 1096 2155 1159 2196; x_wconf 89' lang='lat' dir='ltr'>non</span> 
     </span>
     <span class='ocr_line' id='line_1_23' title="bbox 175 2221 1159 2305; baseline -0.005 -21"><span class='ocrx_word' id='word_1_165' title='bbox 175 2226 312 2305; x_wconf 88' lang='lat' dir='ltr'>perdere.</span> <span class='ocrx_word' id='word_1_166' title='bbox 337 2223 439 2302; x_wconf 85' lang='lat' dir='ltr'>Atque</span> <span class='ocrx_word' id='word_1_167' title='bbox 454 2225 534 2284; x_wconf 91' lang='lat' dir='ltr'>hunc</span> <span class='ocrx_word' id='word_1_168' title='bbox 548 2223 730 2302; x_wconf 73' lang='lat' dir='ltr'>AntigonuS,</span> <span class='ocrx_word' id='word_1_169' title='bbox 747 2241 815 2283; x_wconf 92' lang='lat' dir='ltr'>cum</span> <span class='ocrx_word' id='word_1_170' title='bbox 831 2224 859 2283; x_wconf 89' lang='lat' dir='ltr'>ei</span> <span class='ocrx_word' id='word_1_171' title='bbox 875 2224 984 2283; x_wconf 82' lang='lat' dir='ltr'>fuisset</span> <span class='ocrx_word' id='word_1_172' title='bbox 998 2221 1159 2282; x_wconf 84' lang='lat' dir='ltr'>infestissi-</span> 
     </span>
     <span class='ocr_line' id='line_1_24' title="bbox 175 2306 1160 2388; baseline -0.001 -20"><span class='ocrx_word' id='word_1_173' title='bbox 175 2328 258 2384; x_wconf 87' lang='lat' dir='ltr'>mus,</span> <span class='ocrx_word' id='word_1_174' title='bbox 285 2315 509 2382; x_wconf 84' lang='lat' dir='ltr'>conservasset,</span> <span class='ocrx_word' id='word_1_175' title='bbox 537 2309 638 2388; x_wconf 88' lang='lat' dir='ltr'>siper</span> <span class='ocrx_word' id='word_1_176' title='bbox 660 2316 828 2368; x_wconf 85' lang='lat' dir='ltr'>suosesset</span> <span class='ocrx_word' id='word_1_177' title='bbox 853 2309 984 2382; x_wconf 91' lang='lat' dir='ltr'>licitum,</span> <span class='ocrx_word' id='word_1_178' title='bbox 1013 2309 1093 2387; x_wconf 91' lang='lat' dir='ltr'>quod</span> <span class='ocrx_word' id='word_1_179' title='bbox 1120 2306 1160 2367; x_wconf 91' lang='lat' dir='ltr'>ab</span> 
     </span>
     <span class='ocr_line' id='line_1_25' title="bbox 175 2393 1159 2474; baseline -0.001 -20"><span class='ocrx_word' id='word_1_180' title='bbox 175 2395 260 2455; x_wconf 93' lang='lat' dir='ltr'>nullo</span> <span class='ocrx_word' id='word_1_181' title='bbox 285 2414 317 2453; x_wconf 89' lang='lat' dir='ltr'>se</span> <span class='ocrx_word' id='word_1_182' title='bbox 340 2395 408 2474; x_wconf 91' lang='lat' dir='ltr'>plus</span> <span class='ocrx_word' id='word_1_183' title='bbox 431 2395 570 2455; x_wconf 88' lang='lat' dir='ltr'>adiuvari</span> <span class='ocrx_word' id='word_1_184' title='bbox 591 2414 680 2473; x_wconf 86' lang='lat' dir='ltr'>posse</span> <span class='ocrx_word' id='word_1_185' title='bbox 695 2394 900 2473; x_wconf 83' lang='lat' dir='ltr'>intelligebat,</span> <span class='ocrx_word' id='word_1_186' title='bbox 928 2395 959 2454; x_wconf 93' lang='lat' dir='ltr'>in</span> <span class='ocrx_word' id='word_1_187' title='bbox 985 2393 1031 2453; x_wconf 87' lang='lat' dir='ltr'>eis</span> <span class='ocrx_word' id='word_1_188' title='bbox 1057 2393 1159 2467; x_wconf 89' lang='lat' dir='ltr'>rebus,</span> 
     </span>
    </p>

    <p class='ocr_par' dir='ltr' id='par_1_7' title="bbox 112 2471 1162 2906">
     <span class='ocr_line' id='line_1_26' title="bbox 112 2471 1162 2559; baseline 0.004 -24"><span class='ocrx_word' id='word_1_189' title='bbox 112 2471 154 2536; x_wconf 76' lang='lat'>25</span> <span class='ocrx_word' id='word_1_190' title='bbox 177 2498 252 2558; x_wconf 88' lang='lat' dir='ltr'>quas</span> <span class='ocrx_word' id='word_1_191' title='bbox 283 2479 458 2559; x_wconf 89' lang='lat' dir='ltr'>impendere</span> <span class='ocrx_word' id='word_1_192' title='bbox 483 2480 544 2539; x_wconf 91' lang='lat' dir='ltr'>iam</span> <span class='ocrx_word' id='word_1_193' title='bbox 571 2480 739 2559; x_wconf 86' lang='lat' dir='ltr'>apparebat</span> <span class='ocrx_word' id='word_1_194' title='bbox 764 2482 910 2540; x_wconf 87' lang='lat' dir='ltr'>omnibus.</span> <span class='ocrx_word' id='word_1_195' title='bbox 955 2479 1162 2540; x_wconf 88' lang='lat' dir='ltr'>Immiuebant</span> 
     </span>
     <span class='ocr_line' id='line_1_27' title="bbox 176 2563 1160 2645; baseline -0.002 -19"><span class='ocrx_word' id='word_1_196' title='bbox 176 2566 257 2626; x_wconf 90' lang='lat' dir='ltr'>enim</span> <span class='ocrx_word' id='word_1_197' title='bbox 273 2563 433 2639; x_wconf 79' lang='lat' dir='ltr'>Seleucus,</span> <span class='ocrx_word' id='word_1_198' title='bbox 449 2565 665 2644; x_wconf 85' lang='lat' dir='ltr'>Lysimachus,</span> <span class='ocrx_word' id='word_1_199' title='bbox 681 2564 890 2639; x_wconf 89' lang='lat' dir='ltr'>Ptolemaeus,</span> <span class='ocrx_word' id='word_1_200' title='bbox 907 2566 1015 2645; x_wconf 89' lang='lat' dir='ltr'>opibus</span> <span class='ocrx_word' id='word_1_201' title='bbox 1031 2566 1088 2625; x_wconf 89' lang='lat' dir='ltr'>iam</span> <span class='ocrx_word' id='word_1_202' title='bbox 1106 2583 1160 2624; x_wconf 86' lang='lat' dir='ltr'>va·</span> 
     </span>
     <span class='ocr_line' id='line_1_28' title="bbox 176 2650 1160 2732; baseline -0.002 -20"><span class='ocrx_word' id='word_1_203' title='bbox 176 2653 289 2726; x_wconf 88' lang='lat' dir='ltr'>lentes,</span> <span class='ocrx_word' id='word_1_204' title='bbox 313 2653 493 2732; x_wconf 88' lang='lat' dir='ltr'>quibuscum</span> <span class='ocrx_word' id='word_1_205' title='bbox 515 2653 543 2712; x_wconf 88' lang='lat' dir='ltr'>ei</span> <span class='ocrx_word' id='word_1_206' title='bbox 559 2653 597 2712; x_wconf 95' lang='lat' dir='ltr'>de</span> <span class='ocrx_word' id='word_1_207' title='bbox 617 2653 743 2712; x_wconf 85' lang='lat' dir='ltr'>summis</span> <span class='ocrx_word' id='word_1_208' title='bbox 759 2653 849 2712; x_wconf 86' lang='lat' dir='ltr'>rebus</span> <span class='ocrx_word' id='word_1_209' title='bbox 864 2662 930 2712; x_wconf 90' lang='lat' dir='ltr'>erat</span> <span class='ocrx_word' id='word_1_210' title='bbox 945 2650 1160 2711; x_wconf 89' lang='lat' dir='ltr'>dimicandum.</span> 
     </span>
     <span class='ocr_line' id='line_1_29' title="bbox 177 2736 1161 2818; baseline -0.005 -18"><span class='ocrx_word' id='word_1_211' title='bbox 177 2737 237 2800; x_wconf 84' lang='lat' dir='ltr'>Sed</span> <span class='ocrx_word' id='word_1_212' title='bbox 263 2759 323 2799; x_wconf 92' lang='lat' dir='ltr'>non</span> <span class='ocrx_word' id='word_1_213' title='bbox 348 2740 429 2818; x_wconf 85' lang='lat' dir='ltr'>passi</span> <span class='ocrx_word' id='word_1_214' title='bbox 451 2742 523 2798; x_wconf 89' lang='lat' dir='ltr'>sunt</span> <span class='ocrx_word' id='word_1_215' title='bbox 543 2739 586 2811; x_wconf 89' lang='lat' dir='ltr'>ei,</span> <span class='ocrx_word' id='word_1_216' title='bbox 609 2739 660 2817; x_wconf 94' lang='lat' dir='ltr'>qui</span> <span class='ocrx_word' id='word_1_217' title='bbox 682 2739 762 2799; x_wconf 88' lang='lat' dir='ltr'>circa</span> <span class='ocrx_word' id='word_1_218' title='bbox 782 2744 885 2812; x_wconf 88' lang='lat' dir='ltr'>erant,</span> <span class='ocrx_word' id='word_1_219' title='bbox 909 2738 988 2816; x_wconf 92' lang='lat' dir='ltr'>quod</span> <span class='ocrx_word' id='word_1_220' title='bbox 1013 2736 1161 2797; x_wconf 81' lang='lat' dir='ltr'>videbant</span> 
     </span>
     <span class='ocr_line' id='line_1_30' title="bbox 177 2823 1162 2906; baseline -0.003 -22"><span class='ocrx_word' id='word_1_221' title='bbox 177 2823 314 2885; x_wconf 85' lang='lat' dir='ltr'>Eumene</span> <span class='ocrx_word' id='word_1_222' title='bbox 340 2838 462 2906; x_wconf 88' lang='lat' dir='ltr'>recepto</span> <span class='ocrx_word' id='word_1_223' title='bbox 487 2844 591 2886; x_wconf 88' lang='lat' dir='ltr'>omnes</span> <span class='ocrx_word' id='word_1_224' title='bbox 616 2844 689 2904; x_wconf 90' lang='lat' dir='ltr'>prae</span> <span class='ocrx_word' id='word_1_225' title='bbox 713 2825 767 2885; x_wconf 92' lang='lat' dir='ltr'>illo</span> <span class='ocrx_word' id='word_1_226' title='bbox 793 2826 880 2904; x_wconf 75' lang='lat' dir='ltr'>parvi</span> <span class='ocrx_word' id='word_1_227' title='bbox 905 2825 1031 2884; x_wconf 78' lang='lat' dir='ltr'>tuturos.</span> <span class='ocrx_word' id='word_1_228' title='bbox 1087 2823 1162 2902; x_wconf 85' lang='lat' dir='ltr'>lpse</span> 
     </span>
    </p>

    <p class='ocr_par' dir='ltr' id='par_1_8' title="bbox 113 2899 1161 3076">
     <span class='ocr_line' id='line_1_31' title="bbox 113 2899 1161 2989; baseline -0.002 -20"><span class='ocrx_word' id='word_1_229' title='bbox 113 2899 155 2964; x_wconf 82' lang='grc'>30</span> <span class='ocrx_word' id='word_1_230' title='bbox 178 2920 280 2971; x_wconf 88' lang='lat' dir='ltr'>autem</span> <span class='ocrx_word' id='word_1_231' title='bbox 295 2910 468 2989; x_wconf 80' lang='lat' dir='ltr'>Antigonus</span> <span class='ocrx_word' id='word_1_232' title='bbox 490 2911 564 2972; x_wconf 89' lang='lat' dir='ltr'>adeo</span> <span class='ocrx_word' id='word_1_233' title='bbox 580 2917 645 2971; x_wconf 90' lang='lat' dir='ltr'>erat</span> <span class='ocrx_word' id='word_1_234' title='bbox 666 2911 819 2985; x_wconf 88' lang='lat' dir='ltr'>incensus,</span> <span class='ocrx_word' id='word_1_235' title='bbox 842 2916 876 2970; x_wconf 91' lang='lat' dir='ltr'>ut</span> <span class='ocrx_word' id='word_1_236' title='bbox 897 2910 956 2970; x_wconf 90' lang='lat' dir='ltr'>uisi</span> <span class='ocrx_word' id='word_1_237' title='bbox 980 2929 1092 2989; x_wconf 89' lang='lat' dir='ltr'>magua</span> <span class='ocrx_word' id='word_1_238' title='bbox 1107 2928 1161 2989; x_wconf 88' lang='lat' dir='ltr'>spe</span> 
     </span>
     <span class='ocr_line' id='line_1_32' title="bbox 179 2997 801 3076; baseline 0.006 -22"><span class='ocrx_word' id='word_1_239' title='bbox 179 2998 382 3056; x_wconf 85' lang='lat' dir='ltr'>maximarum</span> <span class='ocrx_word' id='word_1_240' title='bbox 396 3017 498 3057; x_wconf 91' lang='lat' dir='ltr'>rerum</span> <span class='ocrx_word' id='word_1_241' title='bbox 513 2997 602 3057; x_wconf 90' lang='lat' dir='ltr'>leniri</span> <span class='ocrx_word' id='word_1_242' title='bbox 616 3017 675 3057; x_wconf 90' lang='lat' dir='ltr'>non</span> <span class='ocrx_word' id='word_1_243' title='bbox 691 3004 801 3076; x_wconf 88' lang='lat' dir='ltr'>posset.</span> 
     </span>
    </p>

    <p class='ocr_par' dir='ltr' id='par_1_9' title="bbox 108 3074 1163 3332">
     <span class='ocr_line' id='line_1_33' title="bbox 108 3074 1163 3161; baseline -0.002 -23"><span class='ocrx_word' id='word_1_244' title='bbox 108 3074 158 3138; x_wconf 88' lang='lat' dir='ltr'>XI</span> <span class='ocrx_word' id='word_1_245' title='bbox 266 3082 375 3161; x_wconf 91' lang='lat' dir='ltr'>Itaque</span> <span class='ocrx_word' id='word_1_246' title='bbox 390 3103 458 3142; x_wconf 91' lang='lat' dir='ltr'>oum</span> <span class='ocrx_word' id='word_1_247' title='bbox 480 3103 549 3143; x_wconf 90' lang='lat' dir='ltr'>eum</span> <span class='ocrx_word' id='word_1_248' title='bbox 565 3085 596 3143; x_wconf 92' lang='lat' dir='ltr'>in</span> <span class='ocrx_word' id='word_1_249' title='bbox 612 3083 778 3142; x_wconf 86' lang='lat' dir='ltr'>custodiam</span> <span class='ocrx_word' id='word_1_250' title='bbox 795 3082 928 3142; x_wconf 89' lang='lat' dir='ltr'>dodisset</span> <span class='ocrx_word' id='word_1_251' title='bbox 943 3087 974 3141; x_wconf 90' lang='lat' dir='ltr'>et</span> <span class='ocrx_word' id='word_1_252' title='bbox 989 3080 1163 3161; x_wconf 87' lang='lat' dir='ltr'>praefectus</span> 
     </span>
     <span class='ocr_line' id='line_1_34' title="bbox 179 3161 1162 3247; baseline -0.002 -22"><span class='ocrx_word' id='word_1_253' title='bbox 179 3167 336 3227; x_wconf 89' lang='lat' dir='ltr'>custodum</span> <span class='ocrx_word' id='word_1_254' title='bbox 364 3169 544 3246; x_wconf 87' lang='lat' dir='ltr'>quaesisset,</span> <span class='ocrx_word' id='word_1_255' title='bbox 571 3169 824 3247; x_wconf 89' lang='lat' dir='ltr'>quemadmodum</span> <span class='ocrx_word' id='word_1_256' title='bbox 845 3168 963 3227; x_wconf 87' lang='lat' dir='ltr'>servari</span> <span class='ocrx_word' id='word_1_257' title='bbox 983 3165 1094 3239; x_wconf 81' lang='lat' dir='ltr'>vellet,</span> <span class='ocrx_word' id='word_1_258' title='bbox 1116 3161 1162 3224; x_wconf 88' lang='lat' dir='ltr'>Ut</span> 
     </span>
     <span class='ocr_line' id='line_1_35' title="bbox 179 3250 1162 3332; baseline -0.005 -18"><span class='ocrx_word' id='word_1_259' title='bbox 179 3254 406 3314; x_wconf 88' lang='lat' dir='ltr'>acerrimum</span> <span class='ocrx_word' id='word_1_260' title='bbox 422 3255 519 3332; x_wconf 89' lang='lat' dir='ltr'>inquit</span> <span class='ocrx_word' id='word_1_261' title='bbox 535 3255 680 3315; x_wconf 89' lang='lat' dir='ltr'>leonem</span> <span class='ocrx_word' id='word_1_262' title='bbox 696 3261 760 3314; x_wconf 92' lang='lat' dir='ltr'>aut</span> <span class='ocrx_word' id='word_1_263' title='bbox 780 3254 1061 3314; x_wconf 83' lang='lat' dir='ltr'>ferocissimum</span> <span class='ocrx_word' id='word_1_264' title='bbox 1085 3250 1162 3310; x_wconf 90' lang='lat' dir='ltr'>ele·</span> 
     </span>
    </p>

    <p class='ocr_par' dir='ltr' id='par_1_10' title="bbox 114 3330 1168 3592">
     <span class='ocr_line' id='line_1_36' title="bbox 114 3330 1162 3421; baseline -0.008 -19"><span class='ocrx_word' id='word_1_265' title='bbox 114 3330 157 3402; x_wconf 80' lang='lat'>35</span> <span class='ocrx_word' id='word_1_266' title='bbox 179 3339 366 3421; x_wconf 90' lang='lat' dir='ltr'>phantum.</span> <span class='ocrx_word' id='word_1_267' title='bbox 410 3340 552 3400; x_wconf 82' lang='lat' dir='ltr'>Nondum</span> <span class='ocrx_word' id='word_1_268' title='bbox 579 3341 660 3400; x_wconf 89' lang='lat' dir='ltr'>enim</span> <span class='ocrx_word' id='word_1_269' title='bbox 686 3345 847 3412; x_wconf 87' lang='lat' dir='ltr'>statuerat,</span> <span class='ocrx_word' id='word_1_270' title='bbox 875 3345 1071 3400; x_wconf 88' lang='lat' dir='ltr'>conservaret</span> <span class='ocrx_word' id='word_1_271' title='bbox 1091 3355 1162 3395; x_wconf 90' lang='lat' dir='ltr'>eum</span> 
     </span>
     <span class='ocr_line' id='line_1_37' title="bbox 179 3425 1163 3503; baseline -0.007 -16"><span class='ocrx_word' id='word_1_272' title='bbox 179 3444 282 3487; x_wconf 88' lang='lat' dir='ltr'>necne.</span> <span class='ocrx_word' id='word_1_273' title='bbox 328 3425 479 3487; x_wconf 80' lang='lat' dir='ltr'>Veniebat</span> <span class='ocrx_word' id='word_1_274' title='bbox 503 3431 606 3486; x_wconf 90' lang='lat' dir='ltr'>autem</span> <span class='ocrx_word' id='word_1_275' title='bbox 632 3428 670 3486; x_wconf 90' lang='lat' dir='ltr'>ad</span> <span class='ocrx_word' id='word_1_276' title='bbox 690 3425 858 3486; x_wconf 87' lang='lat' dir='ltr'>Eumenem</span> <span class='ocrx_word' id='word_1_277' title='bbox 879 3432 1040 3503; x_wconf 87' lang='lat' dir='ltr'>utrumque</span> <span class='ocrx_word' id='word_1_278' title='bbox 1063 3440 1163 3502; x_wconf 82' lang='lat' dir='ltr'>genus</span> 
     </span>
     <span class='ocr_line' id='line_1_38' title="bbox 180 3508 1168 3592; baseline -0.007 -20"><span class='ocrx_word' id='word_1_279' title='bbox 180 3513 349 3586; x_wconf 90' lang='lat' dir='ltr'>hominum,</span> <span class='ocrx_word' id='word_1_280' title='bbox 379 3518 409 3573; x_wconf 89' lang='lat' dir='ltr'>ct</span> <span class='ocrx_word' id='word_1_281' title='bbox 435 3513 486 3591; x_wconf 90' lang='lat' dir='ltr'>qui</span> <span class='ocrx_word' id='word_1_282' title='bbox 507 3523 631 3592; x_wconf 87' lang='lat' dir='ltr'>propter</span> <span class='ocrx_word' id='word_1_283' title='bbox 653 3513 755 3573; x_wconf 92' lang='lat' dir='ltr'>odium</span> <span class='ocrx_word' id='word_1_284' title='bbox 775 3513 907 3572; x_wconf 85' lang='lat' dir='ltr'>fructum</span> <span class='ocrx_word' id='word_1_285' title='bbox 928 3512 1025 3589; x_wconf 86' lang='lat' dir='ltr'>oculis</span> <span class='ocrx_word' id='word_1_286' title='bbox 1040 3528 1080 3569; x_wconf 84' lang='lat' dir='ltr'>ex</span> <span class='ocrx_word' id='word_1_287' title='bbox 1096 3508 1168 3567; x_wconf 84' lang='lat' dir='ltr'>eiuc</span> 
     </span>
    </p>

    <p class='ocr_par' dir='ltr' id='par_1_11' title="bbox 138 3594 1165 3680">
     <span class='ocr_line' id='line_1_39' title="bbox 138 3594 1165 3680; baseline -0.004 -22"><span class='ocrx_word' id='word_1_288' title='bbox 138 3669 140 3673; x_wconf 11' lang='grc' dir='ltr'><em>Α</em></span> <span class='ocrx_word' id='word_1_289' title='bbox 182 3616 254 3659; x_wconf 90' lang='lat' dir='ltr'>casu</span> <span class='ocrx_word' id='word_1_290' title='bbox 277 3618 384 3680; x_wconf 89' lang='lat' dir='ltr'>capere</span> <span class='ocrx_word' id='word_1_291' title='bbox 406 3599 537 3673; x_wconf 83' lang='lat' dir='ltr'>vellent,</span> <span class='ocrx_word' id='word_1_292' title='bbox 565 3603 596 3658; x_wconf 92' lang='lat' dir='ltr'>et</span> <span class='ocrx_word' id='word_1_293' title='bbox 621 3599 673 3678; x_wconf 92' lang='lat' dir='ltr'>qui</span> <span class='ocrx_word' id='word_1_294' title='bbox 698 3603 822 3680; x_wconf 90' lang='lat' dir='ltr'>propter</span> <span class='ocrx_word' id='word_1_295' title='bbox 844 3603 981 3659; x_wconf 86' lang='lat' dir='ltr'>veterem</span> <span class='ocrx_word' id='word_1_296' title='bbox 996 3594 1165 3658; x_wconf 89' lang='lat' dir='ltr'>amicitiam</span> 
     </span>
    </p>
   </div>
   <div class='ocr_carea' id='block_1_3' title="bbox 0 0 1282 4088">
    <p class='ocr_par' dir='ltr' id='par_1_12' title="bbox 0 0 1282 4088">
     <span class='ocr_line' id='line_1_40' title="bbox 0 0 1282 4088; baseline 0 0"><span class='ocrx_word' id='word_1_297' title='bbox 0 0 1282 4088; x_wconf 95' lang='lat' dir='ltr'> </span> 
     </span>
    </p>
   </div>
  </div>
 </body>
</html>
