<?xml version="1.0" encoding="UTF-8"?>
<!DOCTYPE html PUBLIC "-//W3C//DTD XHTML 1.0 Transitional//EN"
    "http://www.w3.org/TR/xhtml1/DTD/xhtml1-transitional.dtd">
<html xmlns="http://www.w3.org/1999/xhtml" xml:lang="en" lang="en">
 <head>
  <title>
</title>
<meta http-equiv="Content-Type" content="text/html;charset=utf-8" />
  <meta name='ocr-system' content='tesseract 3.04.00' />
  <meta name='ocr-capabilities' content='ocr_page ocr_carea ocr_par ocr_line ocrx_word'/>
</head>
<body>
  <div class='ocr_page' id='page_1' title='image "./liberdeexcelben00nepogoog_0124.png"; bbox 0 0 2504 4080; ppageno 0'>
   <div class='ocr_carea' id='block_1_1' title="bbox 433 280 1087 346">
    <p class='ocr_par' dir='ltr' id='par_1_1' title="bbox 433 280 1087 346">
     <span class='ocr_line' id='line_1_1' title="bbox 433 280 1087 346; baseline 0.006 -4"><span class='ocrx_word' id='word_1_1' title='bbox 433 281 524 342; x_wconf 86' lang='lat' dir='ltr'>XIX.</span> <span class='ocrx_word' id='word_1_2' title='bbox 548 280 755 344; x_wconf 81' lang='lat' dir='ltr'><strong>EUMENES.</strong></span> <span class='ocrx_word' id='word_1_3' title='bbox 1043 281 1087 346; x_wconf 81' lang='lat'><strong>99</strong></span> 
     </span>
    </p>
   </div>
   <div class='ocr_carea' id='block_1_2' title="bbox 97 452 1158 3545">
    <p class='ocr_par' dir='ltr' id='par_1_2' title="bbox 102 452 1129 965">
     <span class='ocr_line' id='line_1_2' title="bbox 104 452 1087 536; baseline 0.001 -21"><span class='ocrx_word' id='word_1_4' title='bbox 104 474 194 534; x_wconf 89' lang='lat' dir='ltr'><strong>quam</strong></span> <span class='ocrx_word' id='word_1_5' title='bbox 210 453 290 533; x_wconf 91' lang='lat' dir='ltr'><strong>apud</strong></span> <span class='ocrx_word' id='word_1_6' title='bbox 304 452 465 514; x_wconf 85' lang='lat' dir='ltr'><strong>Romanos.</strong></span> <span class='ocrx_word' id='word_1_7' title='bbox 502 453 593 514; x_wconf 89' lang='lat' dir='ltr'><strong>Hunc</strong></span> <span class='ocrx_word' id='word_1_8' title='bbox 609 454 709 516; x_wconf 91' lang='lat' dir='ltr'><strong>locum</strong></span> <span class='ocrx_word' id='word_1_9' title='bbox 725 453 823 515; x_wconf 88' lang='lat' dir='ltr'><strong>tenuit</strong></span> <span class='ocrx_word' id='word_1_10' title='bbox 838 454 991 518; x_wconf 78' lang='lat' dir='ltr'><strong>amicitiae</strong></span> <span class='ocrx_word' id='word_1_11' title='bbox 1004 456 1087 536; x_wconf 90' lang='lat' dir='ltr'><strong>apud</strong></span> 
     </span>
     <span class='ocr_line' id='line_1_3' title="bbox 103 540 1087 620; baseline 0.001 -19"><span class='ocrx_word' id='word_1_12' title='bbox 103 540 278 620; x_wconf 86' lang='lat' dir='ltr'><strong>Philippum</strong></span> <span class='ocrx_word' id='word_1_13' title='bbox 293 559 388 600; x_wconf 87' lang='lat' dir='ltr'><strong>annos</strong></span> <span class='ocrx_word' id='word_1_14' title='bbox 404 543 533 620; x_wconf 89' lang='lat' dir='ltr'><strong>septem:</strong></span> <span class='ocrx_word' id='word_1_15' title='bbox 549 541 602 600; x_wconf 92' lang='lat' dir='ltr'><strong>illo</strong></span> <span class='ocrx_word' id='word_1_16' title='bbox 619 540 777 600; x_wconf 83' lang='lat' dir='ltr'><strong>interiecto</strong></span> <span class='ocrx_word' id='word_1_17' title='bbox 794 540 899 600; x_wconf 92' lang='lat' dir='ltr'><strong>eodem</strong></span> <span class='ocrx_word' id='word_1_18' title='bbox 914 541 1013 620; x_wconf 83' lang='lat' dir='ltr'><strong>gradu</strong></span> <span class='ocrx_word' id='word_1_19' title='bbox 1028 542 1087 602; x_wconf 86' lang='lat' dir='ltr'><strong>fuit</strong></span> 
     </span>
     <span class='ocr_line' id='line_1_4' title="bbox 103 625 1086 709; baseline 0 -20"><span class='ocrx_word' id='word_1_20' title='bbox 103 627 184 707; x_wconf 91' lang='lat' dir='ltr'><strong>apud</strong></span> <span class='ocrx_word' id='word_1_21' title='bbox 211 625 422 685; x_wconf 80' lang='lat' dir='ltr'><strong>Alexandrum</strong></span> <span class='ocrx_word' id='word_1_22' title='bbox 447 645 542 688; x_wconf 91' lang='lat' dir='ltr'><strong>annos</strong></span> <span class='ocrx_word' id='word_1_23' title='bbox 569 626 728 687; x_wconf 83' lang='lat' dir='ltr'><strong>tredecim:</strong></span> <span class='ocrx_word' id='word_1_24' title='bbox 756 627 922 687; x_wconf 87' lang='lat' dir='ltr'><strong>novissimo</strong></span> <span class='ocrx_word' id='word_1_25' title='bbox 949 633 1086 709; x_wconf 88' lang='lat' dir='ltr'><strong>tempore</strong></span> 
     </span>
     <span class='ocr_line' id='line_1_5' title="bbox 102 711 1085 794; baseline 0.003 -22"><span class='ocrx_word' id='word_1_26' title='bbox 102 713 234 793; x_wconf 78' lang='lat' dir='ltr'><strong>praefuit</strong></span> <span class='ocrx_word' id='word_1_27' title='bbox 246 713 338 772; x_wconf 89' lang='lat' dir='ltr'><strong>etiam</strong></span> <span class='ocrx_word' id='word_1_28' title='bbox 349 712 437 772; x_wconf 89' lang='lat' dir='ltr'><strong>alteri</strong></span> <span class='ocrx_word' id='word_1_29' title='bbox 450 712 584 790; x_wconf 90' lang='lat' dir='ltr'><strong>equitum</strong></span> <span class='ocrx_word' id='word_1_30' title='bbox 597 712 672 786; x_wconf 90' lang='lat' dir='ltr'><strong>alae,</strong></span> <span class='ocrx_word' id='word_1_31' title='bbox 688 731 765 791; x_wconf 91' lang='lat' dir='ltr'><strong>quae</strong></span> <span class='ocrx_word' id='word_1_32' title='bbox 776 711 940 773; x_wconf 80' lang='lat' dir='ltr'><strong>Hetaerice</strong></span> <span class='ocrx_word' id='word_1_33' title='bbox 951 715 1085 794; x_wconf 87' lang='lat' dir='ltr'><strong>appella·</strong></span> 
     </span>
     <span class='ocr_line' id='line_1_6' title="bbox 103 797 1129 878; baseline 0.003 -18"><span class='ocrx_word' id='word_1_34' title='bbox 103 800 206 860; x_wconf 89' lang='lat' dir='ltr'><strong>batur:</strong></span> <span class='ocrx_word' id='word_1_35' title='bbox 221 798 340 876; x_wconf 87' lang='lat' dir='ltr'><strong>utrique</strong></span> <span class='ocrx_word' id='word_1_36' title='bbox 355 804 456 859; x_wconf 88' lang='lat' dir='ltr'><strong>autem</strong></span> <span class='ocrx_word' id='word_1_37' title='bbox 471 798 503 858; x_wconf 92' lang='lat' dir='ltr'><strong>in</strong></span> <span class='ocrx_word' id='word_1_38' title='bbox 513 797 638 860; x_wconf 85' lang='lat' dir='ltr'><strong>consilio</strong></span> <span class='ocrx_word' id='word_1_39' title='bbox 656 817 775 878; x_wconf 85' lang='lat' dir='ltr'><strong>semper</strong></span> <span class='ocrx_word' id='word_1_40' title='bbox 791 798 888 859; x_wconf 90' lang='lat' dir='ltr'><strong>adsuit</strong></span> <span class='ocrx_word' id='word_1_41' title='bbox 903 802 934 859; x_wconf 89' lang='lat' dir='ltr'><strong>et</strong></span> <span class='ocrx_word' id='word_1_42' title='bbox 951 800 1085 861; x_wconf 89' lang='lat' dir='ltr'><strong>omnium</strong></span> <span class='ocrx_word' id='word_1_43' title='bbox 1105 798 1129 863; x_wconf 82' lang='lat'><strong>5</strong></span> 
     </span>
     <span class='ocr_line' id='line_1_7' title="bbox 104 884 579 965; baseline 0 -20"><span class='ocrx_word' id='word_1_44' title='bbox 104 904 205 945; x_wconf 87' lang='lat' dir='ltr'><strong>rerum</strong></span> <span class='ocrx_word' id='word_1_45' title='bbox 220 884 341 945; x_wconf 89' lang='lat' dir='ltr'><strong>habitus</strong></span> <span class='ocrx_word' id='word_1_46' title='bbox 356 891 404 944; x_wconf 90' lang='lat' dir='ltr'><strong>est</strong></span> <span class='ocrx_word' id='word_1_47' title='bbox 417 885 579 965; x_wconf 82' lang='lat' dir='ltr'><strong>particeps,</strong></span> 
     </span>
    </p>

    <p class='ocr_par' dir='ltr' id='par_1_3' title="bbox 98 967 1149 2856">
     <span class='ocr_line' id='line_1_8' title="bbox 188 967 1142 1052; baseline 0.003 -24"><span class='ocrx_word' id='word_1_48' title='bbox 188 967 364 1030; x_wconf 83' lang='lat' dir='ltr'><strong>Alexandro</strong></span> <span class='ocrx_word' id='word_1_49' title='bbox 376 969 534 1050; x_wconf 86' lang='lat' dir='ltr'><strong>Babylone</strong></span> <span class='ocrx_word' id='word_1_50' title='bbox 544 972 673 1046; x_wconf 90' lang='lat' dir='ltr'><strong>mortuo,</strong></span> <span class='ocrx_word' id='word_1_51' title='bbox 689 989 757 1030; x_wconf 91' lang='lat' dir='ltr'><strong>cnm</strong></span> <span class='ocrx_word' id='word_1_52' title='bbox 768 969 944 1051; x_wconf 86' lang='lat' dir='ltr'><strong>provinciae</strong></span> <span class='ocrx_word' id='word_1_53' title='bbox 955 969 1085 1052; x_wconf 85' lang='lat' dir='ltr'><strong>singulis</strong></span> <span class='ocrx_word' id='word_1_54' title='bbox 1106 971 1142 1035; x_wconf 91' lang='lat' dir='ltr'><strong>II</strong></span> 
     </span>
     <span class='ocr_line' id='line_1_9' title="bbox 101 1055 1084 1136; baseline 0.002 -20"><span class='ocrx_word' id='word_1_55' title='bbox 101 1055 302 1118; x_wconf 79' lang='lat' dir='ltr'><strong>familiaribus</strong></span> <span class='ocrx_word' id='word_1_56' title='bbox 318 1056 550 1136; x_wconf 83' lang='lat' dir='ltr'><strong>dispertirentur</strong></span> <span class='ocrx_word' id='word_1_57' title='bbox 565 1062 595 1118; x_wconf 95' lang='lat' dir='ltr'><strong>et</strong></span> <span class='ocrx_word' id='word_1_58' title='bbox 610 1075 728 1118; x_wconf 90' lang='lat' dir='ltr'><strong>summa</strong></span> <span class='ocrx_word' id='word_1_59' title='bbox 747 1076 850 1117; x_wconf 90' lang='lat' dir='ltr'><strong>rerum</strong></span> <span class='ocrx_word' id='word_1_60' title='bbox 872 1057 984 1119; x_wconf 89' lang='lat' dir='ltr'><strong>tradita</strong></span> <span class='ocrx_word' id='word_1_61' title='bbox 1004 1060 1084 1118; x_wconf 87' lang='lat' dir='ltr'><strong>esset</strong></span> 
     </span>
     <span class='ocr_line' id='line_1_10' title="bbox 98 1141 1084 1217; baseline 0 -14"><span class='ocrx_word' id='word_1_62' title='bbox 98 1142 214 1203; x_wconf 89' lang='lat' dir='ltr'><strong>tuenda</strong></span> <span class='ocrx_word' id='word_1_63' title='bbox 228 1142 336 1217; x_wconf 91' lang='lat' dir='ltr'><strong>eidem,</strong></span> <span class='ocrx_word' id='word_1_64' title='bbox 358 1141 406 1202; x_wconf 90' lang='lat' dir='ltr'><strong>cni</strong></span> <span class='ocrx_word' id='word_1_65' title='bbox 418 1143 596 1204; x_wconf 80' lang='lat' dir='ltr'><strong>Alexander</strong></span> <span class='ocrx_word' id='word_1_66' title='bbox 612 1143 744 1203; x_wconf 90' lang='lat' dir='ltr'><strong>moriens</strong></span> <span class='ocrx_word' id='word_1_67' title='bbox 757 1143 882 1203; x_wconf 90' lang='lat' dir='ltr'><strong>anulum</strong></span> <span class='ocrx_word' id='word_1_68' title='bbox 894 1163 983 1204; x_wconf 90' lang='lat' dir='ltr'><strong>suum</strong></span> <span class='ocrx_word' id='word_1_69' title='bbox 995 1143 1084 1204; x_wconf 91' lang='lat' dir='ltr'><strong>dede-</strong></span> 
     </span>
     <span class='ocr_line' id='line_1_11' title="bbox 99 1225 1149 1311; baseline 0.005 -22"><span class='ocrx_word' id='word_1_70' title='bbox 99 1233 157 1303; x_wconf 86' lang='lat' dir='ltr'><strong>rat,</strong></span> <span class='ocrx_word' id='word_1_71' title='bbox 174 1226 352 1290; x_wconf 89' lang='lat' dir='ltr'><strong>Perdiccae:</strong></span> <span class='ocrx_word' id='word_1_72' title='bbox 375 1225 429 1311; x_wconf 88' lang='lat' dir='ltr'><strong>(ex</strong></span> <span class='ocrx_word' id='word_1_73' title='bbox 452 1248 510 1309; x_wconf 91' lang='lat' dir='ltr'><strong>quo</strong></span> <span class='ocrx_word' id='word_1_74' title='bbox 531 1249 635 1289; x_wconf 92' lang='lat' dir='ltr'><strong>omnes</strong></span> <span class='ocrx_word' id='word_1_75' title='bbox 657 1230 849 1291; x_wconf 88' lang='lat' dir='ltr'><strong>coniecerant</strong></span> <span class='ocrx_word' id='word_1_76' title='bbox 870 1249 940 1290; x_wconf 89' lang='lat' dir='ltr'><strong>eum</strong></span> <span class='ocrx_word' id='word_1_77' title='bbox 953 1249 1083 1310; x_wconf 87' lang='lat' dir='ltr'><strong>reguum</strong></span> <span class='ocrx_word' id='word_1_78' title='bbox 1107 1226 1149 1295; x_wconf 88' lang='lat'><strong>10</strong></span> 
     </span>
     <span class='ocr_line' id='line_1_12' title="bbox 100 1314 1085 1396; baseline 0.002 -21"><span class='ocrx_word' id='word_1_79' title='bbox 100 1314 129 1376; x_wconf 91' lang='lat' dir='ltr'><strong>ei</strong></span> <span class='ocrx_word' id='word_1_80' title='bbox 153 1314 354 1388; x_wconf 88' lang='lat' dir='ltr'><strong>commisisse,</strong></span> <span class='ocrx_word' id='word_1_81' title='bbox 378 1316 477 1394; x_wconf 90' lang='lat' dir='ltr'><strong>quoad</strong></span> <span class='ocrx_word' id='word_1_82' title='bbox 497 1315 586 1375; x_wconf 90' lang='lat' dir='ltr'><strong>liberi</strong></span> <span class='ocrx_word' id='word_1_83' title='bbox 607 1315 671 1374; x_wconf 87' lang='lat' dir='ltr'><strong>eius</strong></span> <span class='ocrx_word' id='word_1_84' title='bbox 687 1315 718 1375; x_wconf 94' lang='lat' dir='ltr'><strong>in</strong></span> <span class='ocrx_word' id='word_1_85' title='bbox 734 1335 819 1376; x_wconf 88' lang='lat' dir='ltr'><strong>suam</strong></span> <span class='ocrx_word' id='word_1_86' title='bbox 836 1317 962 1377; x_wconf 88' lang='lat' dir='ltr'><strong>tutelam</strong></span> <span class='ocrx_word' id='word_1_87' title='bbox 977 1335 1085 1396; x_wconf 82' lang='lat' dir='ltr'><strong>perve-</strong></span> 
     </span>
     <span class='ocr_line' id='line_1_13' title="bbox 99 1397 1084 1481; baseline 0.002 -20"><span class='ocrx_word' id='word_1_88' title='bbox 99 1400 232 1461; x_wconf 88' lang='lat' dir='ltr'><strong>nissent:</strong></span> <span class='ocrx_word' id='word_1_89' title='bbox 248 1401 374 1461; x_wconf 88' lang='lat' dir='ltr'><strong>aberant</strong></span> <span class='ocrx_word' id='word_1_90' title='bbox 389 1401 470 1461; x_wconf 91' lang='lat' dir='ltr'><strong>enim</strong></span> <span class='ocrx_word' id='word_1_91' title='bbox 486 1397 628 1462; x_wconf 86' lang='lat' dir='ltr'><strong>Crateros</strong></span> <span class='ocrx_word' id='word_1_92' title='bbox 643 1405 674 1460; x_wconf 88' lang='lat' dir='ltr'><strong>et</strong></span> <span class='ocrx_word' id='word_1_93' title='bbox 688 1400 868 1481; x_wconf 84' lang='lat' dir='ltr'><strong>Antipater,</strong></span> <span class='ocrx_word' id='word_1_94' title='bbox 891 1402 943 1480; x_wconf 89' lang='lat' dir='ltr'><strong>qui</strong></span> <span class='ocrx_word' id='word_1_95' title='bbox 965 1409 1084 1463; x_wconf 89' lang='lat' dir='ltr'><strong>antece·</strong></span> 
     </span>
     <span class='ocr_line' id='line_1_14' title="bbox 101 1485 1085 1566; baseline 0 -19"><span class='ocrx_word' id='word_1_96' title='bbox 101 1488 175 1547; x_wconf 94' lang='lat' dir='ltr'><strong>dere</strong></span> <span class='ocrx_word' id='word_1_97' title='bbox 196 1486 277 1545; x_wconf 91' lang='lat' dir='ltr'><strong>hunc</strong></span> <span class='ocrx_word' id='word_1_98' title='bbox 299 1486 493 1561; x_wconf 87' lang='lat' dir='ltr'><strong>videbantur,</strong></span> <span class='ocrx_word' id='word_1_99' title='bbox 518 1491 655 1547; x_wconf 88' lang='lat' dir='ltr'><strong>mortuus</strong></span> <span class='ocrx_word' id='word_1_100' title='bbox 679 1492 745 1547; x_wconf 89' lang='lat' dir='ltr'><strong>erat</strong></span> <span class='ocrx_word' id='word_1_101' title='bbox 765 1485 968 1566; x_wconf 89' lang='lat' dir='ltr'><strong>Hephaesti0,</strong></span> <span class='ocrx_word' id='word_1_102' title='bbox 994 1507 1085 1566; x_wconf 91' lang='lat' dir='ltr'><strong>quem</strong></span> 
     </span>
     <span class='ocr_line' id='line_1_15' title="bbox 100 1571 1084 1653; baseline 0 -20"><span class='ocrx_word' id='word_1_103' title='bbox 100 1591 194 1633; x_wconf 90' lang='lat' dir='ltr'><strong>uuum</strong></span> <span class='ocrx_word' id='word_1_104' title='bbox 210 1572 401 1648; x_wconf 84' lang='lat' dir='ltr'><strong>Alexander,</strong></span> <span class='ocrx_word' id='word_1_105' title='bbox 417 1572 496 1651; x_wconf 92' lang='lat' dir='ltr'><strong>qnod</strong></span> <span class='ocrx_word' id='word_1_106' title='bbox 512 1571 602 1632; x_wconf 85' lang='lat' dir='ltr'><strong>facile</strong></span> <span class='ocrx_word' id='word_1_107' title='bbox 617 1571 748 1653; x_wconf 83' lang='lat' dir='ltr'><strong>intelligi</strong></span> <span class='ocrx_word' id='word_1_108' title='bbox 763 1578 879 1652; x_wconf 91' lang='lat' dir='ltr'><strong>posset,</strong></span> <span class='ocrx_word' id='word_1_109' title='bbox 902 1571 1028 1652; x_wconf 90' lang='lat' dir='ltr'><strong>plurimi</strong></span> <span class='ocrx_word' id='word_1_110' title='bbox 1042 1573 1084 1633; x_wconf 87' lang='lat' dir='ltr'><strong>fe-</strong></span> 
     </span>
     <span class='ocr_line' id='line_1_16' title="bbox 100 1653 1149 1741; baseline 0 -22"><span class='ocrx_word' id='word_1_111' title='bbox 100 1653 213 1741; x_wconf 68' lang='grc'><strong>111111)</strong></span> <span class='ocrx_word' id='word_1_112' title='bbox 229 1658 285 1718; x_wconf 86' lang='lat' dir='ltr'><strong>hoe</strong></span> <span class='ocrx_word' id='word_1_113' title='bbox 301 1667 436 1738; x_wconf 90' lang='lat' dir='ltr'><strong>tempore</strong></span> <span class='ocrx_word' id='word_1_114' title='bbox 451 1658 521 1719; x_wconf 87' lang='lat' dir='ltr'><strong>data</strong></span> <span class='ocrx_word' id='word_1_115' title='bbox 537 1663 583 1719; x_wconf 88' lang='lat' dir='ltr'><strong>est</strong></span> <span class='ocrx_word' id='word_1_116' title='bbox 598 1656 728 1719; x_wconf 89' lang='lat' dir='ltr'><strong>Eumeni</strong></span> <span class='ocrx_word' id='word_1_117' title='bbox 743 1653 936 1738; x_wconf 80' lang='lat' dir='ltr'><strong>Cappadocia</strong></span> <span class='ocrx_word' id='word_1_118' title='bbox 951 1658 1016 1719; x_wconf 83' lang='lat' dir='ltr'><strong>sive</strong></span> <span class='ocrx_word' id='word_1_119' title='bbox 1031 1678 1082 1741; x_wconf 93' lang='lat' dir='ltr'><strong>po·</strong></span> <span class='ocrx_word' id='word_1_120' title='bbox 1107 1654 1149 1719; x_wconf 80' lang='lat'><strong>15</strong></span> 
     </span>
     <span class='ocr_line' id='line_1_17' title="bbox 99 1743 1085 1824; baseline 0 -19"><span class='ocrx_word' id='word_1_121' title='bbox 99 1745 161 1805; x_wconf 88' lang='lat' dir='ltr'><strong>tius</strong></span> <span class='ocrx_word' id='word_1_122' title='bbox 177 1743 270 1804; x_wconf 87' lang='lat' dir='ltr'><strong>dicta:</strong></span> <span class='ocrx_word' id='word_1_123' title='bbox 287 1762 356 1804; x_wconf 89' lang='lat' dir='ltr'><strong>nam</strong></span> <span class='ocrx_word' id='word_1_124' title='bbox 373 1753 437 1804; x_wconf 91' lang='lat' dir='ltr'><strong>tum</strong></span> <span class='ocrx_word' id='word_1_125' title='bbox 452 1744 484 1804; x_wconf 89' lang='lat' dir='ltr'><strong>in</strong></span> <span class='ocrx_word' id='word_1_126' title='bbox 499 1744 631 1804; x_wconf 91' lang='lat' dir='ltr'><strong>hostium</strong></span> <span class='ocrx_word' id='word_1_127' title='bbox 647 1749 714 1804; x_wconf 91' lang='lat' dir='ltr'><strong>erat</strong></span> <span class='ocrx_word' id='word_1_128' title='bbox 727 1750 887 1824; x_wconf 87' lang='lat' dir='ltr'><strong>potestate.</strong></span> <span class='ocrx_word' id='word_1_129' title='bbox 919 1743 1010 1805; x_wconf 90' lang='lat' dir='ltr'><strong>Hunc</strong></span> <span class='ocrx_word' id='word_1_130' title='bbox 1025 1743 1085 1805; x_wconf 90' lang='lat' dir='ltr'><strong>sibi</strong></span> 
     </span>
     <span class='ocr_line' id='line_1_18' title="bbox 99 1829 1084 1911; baseline 0.001 -21"><span class='ocrx_word' id='word_1_131' title='bbox 99 1829 261 1891; x_wconf 85' lang='lat' dir='ltr'><strong>Perdiccas</strong></span> <span class='ocrx_word' id='word_1_132' title='bbox 277 1830 458 1891; x_wconf 83' lang='lat' dir='ltr'><strong>adiunxerat</strong></span> <span class='ocrx_word' id='word_1_133' title='bbox 472 1849 583 1911; x_wconf 90' lang='lat' dir='ltr'><strong>magno</strong></span> <span class='ocrx_word' id='word_1_134' title='bbox 599 1830 708 1907; x_wconf 84' lang='lat' dir='ltr'><strong>studio,</strong></span> <span class='ocrx_word' id='word_1_135' title='bbox 724 1830 804 1910; x_wconf 87' lang='lat' dir='ltr'><strong>quod</strong></span> <span class='ocrx_word' id='word_1_136' title='bbox 818 1830 850 1890; x_wconf 93' lang='lat' dir='ltr'><strong>in</strong></span> <span class='ocrx_word' id='word_1_137' title='bbox 858 1831 980 1891; x_wconf 87' lang='lat' dir='ltr'><strong>homine</strong></span> <span class='ocrx_word' id='word_1_138' title='bbox 991 1830 1084 1891; x_wconf 89' lang='lat' dir='ltr'><strong>fidem</strong></span> 
     </span>
     <span class='ocr_line' id='line_1_19' title="bbox 103 1911 1083 1996; baseline 0.002 -21"><span class='ocrx_word' id='word_1_139' title='bbox 103 1921 136 1975; x_wconf 90' lang='lat' dir='ltr'><strong>et</strong></span> <span class='ocrx_word' id='word_1_140' title='bbox 150 1914 326 1977; x_wconf 90' lang='lat' dir='ltr'><strong>industriam</strong></span> <span class='ocrx_word' id='word_1_141' title='bbox 343 1935 485 1994; x_wconf 88' lang='lat' dir='ltr'><strong>magnam</strong></span> <span class='ocrx_word' id='word_1_142' title='bbox 500 1916 633 1991; x_wconf 87' lang='lat' dir='ltr'><strong>videbat,</strong></span> <span class='ocrx_word' id='word_1_143' title='bbox 650 1937 711 1978; x_wconf 92' lang='lat' dir='ltr'><strong>non</strong></span> <span class='ocrx_word' id='word_1_144' title='bbox 725 1911 877 1991; x_wconf 86' lang='lat' dir='ltr'><strong>dubitans,</strong></span> <span class='ocrx_word' id='word_1_145' title='bbox 894 1915 920 1977; x_wconf 89' lang='lat' dir='ltr'><strong>si</strong></span> <span class='ocrx_word' id='word_1_146' title='bbox 935 1936 1004 1991; x_wconf 83' lang='lat' dir='ltr'><strong>enm</strong></span> <span class='ocrx_word' id='word_1_147' title='bbox 1020 1915 1083 1996; x_wconf 91' lang='lat' dir='ltr'><strong>pel-</strong></span> 
     </span>
     <span class='ocr_line' id='line_1_20' title="bbox 101 2000 1083 2083; baseline 0.004 -23"><span class='ocrx_word' id='word_1_148' title='bbox 101 2000 242 2075; x_wconf 83' lang='lat' dir='ltr'><strong>lexisset,</strong></span> <span class='ocrx_word' id='word_1_149' title='bbox 265 2021 378 2080; x_wconf 88' lang='lat' dir='ltr'><strong>magno</strong></span> <span class='ocrx_word' id='word_1_150' title='bbox 394 2003 463 2062; x_wconf 88' lang='lat' dir='ltr'><strong>usui</strong></span> <span class='ocrx_word' id='word_1_151' title='bbox 477 2003 542 2063; x_wconf 86' lang='lat' dir='ltr'><strong>lore</strong></span> <span class='ocrx_word' id='word_1_152' title='bbox 557 2002 616 2062; x_wconf 89' lang='lat' dir='ltr'><strong>sibi</strong></span> <span class='ocrx_word' id='word_1_153' title='bbox 644 2003 676 2063; x_wconf 91' lang='lat' dir='ltr'><strong>in</strong></span> <span class='ocrx_word' id='word_1_154' title='bbox 696 2002 740 2063; x_wconf 88' lang='lat' dir='ltr'><strong>eis</strong></span> <span class='ocrx_word' id='word_1_155' title='bbox 760 2002 851 2063; x_wconf 86' lang='lat' dir='ltr'><strong>rebus</strong></span> <span class='ocrx_word' id='word_1_156' title='bbox 867 2021 941 2081; x_wconf 86' lang='lat' dir='ltr'><strong>quas</strong></span> <span class='ocrx_word' id='word_1_157' title='bbox 957 2020 1083 2083; x_wconf 86' lang='lat' dir='ltr'><strong>appara-</strong></span> 
     </span>
     <span class='ocr_line' id='line_1_21' title="bbox 101 2082 1149 2170; baseline 0.002 -22"><span class='ocrx_word' id='word_1_158' title='bbox 101 2087 161 2151; x_wconf 88' lang='lat' dir='ltr'><strong>bat.</strong></span> <span class='ocrx_word' id='word_1_159' title='bbox 194 2082 353 2165; x_wconf 79' lang='lat' dir='ltr'><strong>Cogitabat</strong></span> <span class='ocrx_word' id='word_1_160' title='bbox 368 2088 458 2164; x_wconf 90' lang='lat' dir='ltr'><strong>enim,</strong></span> <span class='ocrx_word' id='word_1_161' title='bbox 474 2089 554 2167; x_wconf 93' lang='lat' dir='ltr'><strong>quod</strong></span> <span class='ocrx_word' id='word_1_162' title='bbox 569 2086 633 2148; x_wconf 88' lang='lat' dir='ltr'><strong>fere</strong></span> <span class='ocrx_word' id='word_1_163' title='bbox 647 2107 751 2149; x_wconf 90' lang='lat' dir='ltr'><strong>omnes</strong></span> <span class='ocrx_word' id='word_1_164' title='bbox 766 2087 798 2148; x_wconf 95' lang='lat' dir='ltr'><strong>in</strong></span> <span class='ocrx_word' id='word_1_165' title='bbox 812 2088 932 2168; x_wconf 85' lang='lat' dir='ltr'><strong>magnis</strong></span> <span class='ocrx_word' id='word_1_166' title='bbox 946 2087 1083 2170; x_wconf 88' lang='lat' dir='ltr'><strong>imperiis</strong></span> <span class='ocrx_word' id='word_1_167' title='bbox 1104 2084 1149 2151; x_wconf 79' lang='lat'><strong>20</strong></span> 
     </span>
     <span class='ocr_line' id='line_1_22' title="bbox 101 2173 1081 2255; baseline 0.001 -22"><span class='ocrx_word' id='word_1_168' title='bbox 101 2173 331 2253; x_wconf 89' lang='lat' dir='ltr'><strong>concupiscunt,</strong></span> <span class='ocrx_word' id='word_1_169' title='bbox 354 2173 487 2235; x_wconf 90' lang='lat' dir='ltr'><strong>omnium</strong></span> <span class='ocrx_word' id='word_1_170' title='bbox 508 2180 611 2255; x_wconf 85' lang='lat' dir='ltr'><strong>partes</strong></span> <span class='ocrx_word' id='word_1_171' title='bbox 633 2174 786 2255; x_wconf 88' lang='lat' dir='ltr'><strong>corripere</strong></span> <span class='ocrx_word' id='word_1_172' title='bbox 806 2177 897 2254; x_wconf 90' lang='lat' dir='ltr'><strong>atque</strong></span> <span class='ocrx_word' id='word_1_173' title='bbox 912 2173 1081 2254; x_wconf 90' lang='lat' dir='ltr'><strong>complecti.</strong></span> 
     </span>
     <span class='ocr_line' id='line_1_23' title="bbox 98 2258 1083 2340; baseline -0.001 -19"><span class='ocrx_word' id='word_1_174' title='bbox 98 2258 207 2338; x_wconf 85' lang='lat' dir='ltr'><strong>Neque</strong></span> <span class='ocrx_word' id='word_1_175' title='bbox 222 2278 296 2320; x_wconf 82' lang='lat' dir='ltr'><strong>vero</strong></span> <span class='ocrx_word' id='word_1_176' title='bbox 312 2259 368 2319; x_wconf 91' lang='lat' dir='ltr'><strong>hoc</strong></span> <span class='ocrx_word' id='word_1_177' title='bbox 382 2260 436 2320; x_wconf 92' lang='lat' dir='ltr'><strong>ille</strong></span> <span class='ocrx_word' id='word_1_178' title='bbox 450 2259 533 2322; x_wconf 90' lang='lat' dir='ltr'><strong>solus</strong></span> <span class='ocrx_word' id='word_1_179' title='bbox 549 2260 635 2336; x_wconf 86' lang='lat' dir='ltr'><strong>fecit,</strong></span> <span class='ocrx_word' id='word_1_180' title='bbox 658 2260 712 2321; x_wconf 86' lang='lat' dir='ltr'><strong>sed</strong></span> <span class='ocrx_word' id='word_1_181' title='bbox 728 2259 822 2322; x_wconf 87' lang='lat' dir='ltr'><strong>ceteri</strong></span> <span class='ocrx_word' id='word_1_182' title='bbox 836 2279 955 2340; x_wconf 91' lang='lat' dir='ltr'><strong>quoque</strong></span> <span class='ocrx_word' id='word_1_183' title='bbox 969 2279 1083 2338; x_wconf 88' lang='lat' dir='ltr'><strong>omnes,</strong></span> 
     </span>
     <span class='ocr_line' id='line_1_24' title="bbox 101 2343 1083 2426; baseline 0.001 -20"><span class='ocrx_word' id='word_1_184' title='bbox 101 2345 153 2426; x_wconf 90' lang='lat' dir='ltr'><strong>qui</strong></span> <span class='ocrx_word' id='word_1_185' title='bbox 168 2343 338 2405; x_wconf 88' lang='lat' dir='ltr'><strong>Alexandri</strong></span> <span class='ocrx_word' id='word_1_186' title='bbox 360 2346 481 2407; x_wconf 87' lang='lat' dir='ltr'><strong>fuerant</strong></span> <span class='ocrx_word' id='word_1_187' title='bbox 499 2346 597 2410; x_wconf 89' lang='lat' dir='ltr'><strong>amici.</strong></span> <span class='ocrx_word' id='word_1_188' title='bbox 643 2346 765 2407; x_wconf 87' lang='lat' dir='ltr'><strong>Primus</strong></span> <span class='ocrx_word' id='word_1_189' title='bbox 786 2345 960 2408; x_wconf 87' lang='lat' dir='ltr'><strong>Leonnatus</strong></span> <span class='ocrx_word' id='word_1_190' title='bbox 981 2344 1083 2407; x_wconf 87' lang='lat' dir='ltr'><strong>Mace·</strong></span> 
     </span>
     <span class='ocr_line' id='line_1_25' title="bbox 100 2427 1082 2512; baseline -0.001 -19"><span class='ocrx_word' id='word_1_191' title='bbox 100 2427 223 2493; x_wconf 88' lang='lat' dir='ltr'><strong>doniam</strong></span> <span class='ocrx_word' id='word_1_192' title='bbox 244 2449 467 2512; x_wconf 89' lang='lat' dir='ltr'><strong>praeoccupare</strong></span> <span class='ocrx_word' id='word_1_193' title='bbox 496 2431 668 2495; x_wconf 83' lang='lat' dir='ltr'><strong>destinavit.</strong></span> <span class='ocrx_word' id='word_1_194' title='bbox 712 2430 746 2493; x_wconf 78' lang='grc'><strong>11</strong></span> <span class='ocrx_word' id='word_1_195' title='bbox 773 2433 879 2493; x_wconf 91' lang='lat' dir='ltr'><strong>multis</strong></span> <span class='ocrx_word' id='word_1_196' title='bbox 902 2432 1082 2512; x_wconf 86' lang='lat' dir='ltr'><strong>magnisque</strong></span> 
     </span>
     <span class='ocr_line' id='line_1_26' title="bbox 98 2512 1147 2599; baseline 0.001 -20"><span class='ocrx_word' id='word_1_197' title='bbox 98 2517 370 2598; x_wconf 88' lang='lat' dir='ltr'><strong>pollicitationibus</strong></span> <span class='ocrx_word' id='word_1_198' title='bbox 398 2518 582 2599; x_wconf 90' lang='lat' dir='ltr'><strong>persuadere</strong></span> <span class='ocrx_word' id='word_1_199' title='bbox 612 2517 742 2579; x_wconf 83' lang='lat' dir='ltr'><strong>Eumeni</strong></span> <span class='ocrx_word' id='word_1_200' title='bbox 776 2518 907 2596; x_wconf 91' lang='lat' dir='ltr'><strong>studuit,</strong></span> <span class='ocrx_word' id='word_1_201' title='bbox 944 2525 981 2578; x_wconf 88' lang='lat' dir='ltr'><strong>ut</strong></span> <span class='ocrx_word' id='word_1_202' title='bbox 1008 2516 1081 2578; x_wconf 91' lang='lat' dir='ltr'><strong>Per·</strong></span> <span class='ocrx_word' id='word_1_203' title='bbox 1103 2512 1147 2581; x_wconf 77' lang='lat'><strong>25</strong></span> 
     </span>
     <span class='ocr_line' id='line_1_27' title="bbox 100 2601 1082 2683; baseline 0 -19"><span class='ocrx_word' id='word_1_204' title='bbox 100 2603 217 2664; x_wconf 82' lang='lat' dir='ltr'><strong>dicaam</strong></span> <span class='ocrx_word' id='word_1_205' title='bbox 234 2604 388 2665; x_wconf 87' lang='lat' dir='ltr'><strong>desereret</strong></span> <span class='ocrx_word' id='word_1_206' title='bbox 403 2623 438 2665; x_wconf 91' lang='lat' dir='ltr'><strong>ac</strong></span> <span class='ocrx_word' id='word_1_207' title='bbox 453 2622 555 2664; x_wconf 87' lang='lat' dir='ltr'><strong>secum</strong></span> <span class='ocrx_word' id='word_1_208' title='bbox 570 2604 685 2665; x_wconf 85' lang='lat' dir='ltr'><strong>laceret</strong></span> <span class='ocrx_word' id='word_1_209' title='bbox 699 2604 883 2667; x_wconf 88' lang='lat' dir='ltr'><strong>societatem.</strong></span> <span class='ocrx_word' id='word_1_210' title='bbox 923 2601 1000 2665; x_wconf 83' lang='lat' dir='ltr'><strong>Cum</strong></span> <span class='ocrx_word' id='word_1_211' title='bbox 1014 2622 1082 2683; x_wconf 93' lang='lat' dir='ltr'><strong>per·</strong></span> 
     </span>
     <span class='ocr_line' id='line_1_28' title="bbox 99 2688 1081 2771; baseline -0.002 -21"><span class='ocrx_word' id='word_1_212' title='bbox 99 2688 212 2750; x_wconf 87' lang='lat' dir='ltr'><strong>ducere</strong></span> <span class='ocrx_word' id='word_1_213' title='bbox 227 2708 295 2749; x_wconf 92' lang='lat' dir='ltr'><strong>enm</strong></span> <span class='ocrx_word' id='word_1_214' title='bbox 311 2709 371 2751; x_wconf 93' lang='lat' dir='ltr'><strong>non</strong></span> <span class='ocrx_word' id='word_1_215' title='bbox 385 2694 496 2771; x_wconf 90' lang='lat' dir='ltr'><strong>posset,</strong></span> <span class='ocrx_word' id='word_1_216' title='bbox 513 2688 683 2750; x_wconf 88' lang='lat' dir='ltr'><strong>interficere</strong></span> <span class='ocrx_word' id='word_1_217' title='bbox 695 2699 820 2751; x_wconf 90' lang='lat' dir='ltr'><strong>conatus</strong></span> <span class='ocrx_word' id='word_1_218' title='bbox 832 2692 892 2751; x_wconf 89' lang='lat' dir='ltr'><strong>est:</strong></span> <span class='ocrx_word' id='word_1_219' title='bbox 909 2693 940 2750; x_wconf 90' lang='lat' dir='ltr'><strong>et</strong></span> <span class='ocrx_word' id='word_1_220' title='bbox 951 2689 1081 2764; x_wconf 82' lang='lat' dir='ltr'><strong>fecisset,</strong></span> 
     </span>
     <span class='ocr_line' id='line_1_29' title="bbox 100 2774 921 2856; baseline -0.002 -22"><span class='ocrx_word' id='word_1_221' title='bbox 100 2775 160 2836; x_wconf 90' lang='lat' dir='ltr'><strong>nisi</strong></span> <span class='ocrx_word' id='word_1_222' title='bbox 175 2775 229 2836; x_wconf 92' lang='lat' dir='ltr'><strong>ille</strong></span> <span class='ocrx_word' id='word_1_223' title='bbox 244 2775 321 2836; x_wconf 92' lang='lat' dir='ltr'><strong>clam</strong></span> <span class='ocrx_word' id='word_1_224' title='bbox 337 2786 428 2837; x_wconf 89' lang='lat' dir='ltr'><strong>noctu</strong></span> <span class='ocrx_word' id='word_1_225' title='bbox 444 2795 483 2836; x_wconf 85' lang='lat' dir='ltr'><strong>ex</strong></span> <span class='ocrx_word' id='word_1_226' title='bbox 498 2775 659 2855; x_wconf 88' lang='lat' dir='ltr'><strong>praesidiis</strong></span> <span class='ocrx_word' id='word_1_227' title='bbox 674 2775 739 2836; x_wconf 90' lang='lat' dir='ltr'><strong>eius</strong></span> <span class='ocrx_word' id='word_1_228' title='bbox 755 2774 921 2856; x_wconf 86' lang='lat' dir='ltr'><strong>effugisset.</strong></span> 
     </span>
    </p>

    <p class='ocr_par' dir='ltr' id='par_1_4' title="bbox 97 2857 1158 3545">
     <span class='ocr_line' id='line_1_30' title="bbox 185 2857 1158 2940; baseline 0.003 -19"><span class='ocrx_word' id='word_1_229' title='bbox 185 2861 313 2921; x_wconf 90' lang='lat' dir='ltr'><strong>Interim</strong></span> <span class='ocrx_word' id='word_1_230' title='bbox 328 2862 456 2924; x_wconf 87' lang='lat' dir='ltr'><strong>conflata</strong></span> <span class='ocrx_word' id='word_1_231' title='bbox 471 2865 542 2923; x_wconf 91' lang='lat' dir='ltr'><strong>sunt</strong></span> <span class='ocrx_word' id='word_1_232' title='bbox 555 2861 610 2923; x_wconf 92' lang='lat' dir='ltr'><strong>illa</strong></span> <span class='ocrx_word' id='word_1_233' title='bbox 631 2861 725 2936; x_wconf 87' lang='lat' dir='ltr'><strong>bella,</strong></span> <span class='ocrx_word' id='word_1_234' title='bbox 750 2880 827 2940; x_wconf 90' lang='lat' dir='ltr'><strong>qnae</strong></span> <span class='ocrx_word' id='word_1_235' title='bbox 850 2861 889 2921; x_wconf 92' lang='lat' dir='ltr'><strong>ad</strong></span> <span class='ocrx_word' id='word_1_236' title='bbox 904 2859 1083 2922; x_wconf 88' lang='lat' dir='ltr'><strong>internecio·</strong></span> <span class='ocrx_word' id='word_1_237' title='bbox 1104 2857 1158 2924; x_wconf 87' lang='grc' dir='ltr'><strong>ΠΙ</strong></span> 
     </span>
     <span class='ocr_line' id='line_1_31' title="bbox 98 2945 1147 3027; baseline 0.003 -20"><span class='ocrx_word' id='word_1_238' title='bbox 98 2965 169 3007; x_wconf 91' lang='lat' dir='ltr'><strong>nem</strong></span> <span class='ocrx_word' id='word_1_239' title='bbox 191 2950 260 3027; x_wconf 91' lang='lat' dir='ltr'><strong>post</strong></span> <span class='ocrx_word' id='word_1_240' title='bbox 274 2946 446 3009; x_wconf 81' lang='lat' dir='ltr'><strong>Alexandri</strong></span> <span class='ocrx_word' id='word_1_241' title='bbox 467 2956 596 3009; x_wconf 88' lang='lat' dir='ltr'><strong>mortem</strong></span> <span class='ocrx_word' id='word_1_242' title='bbox 616 2949 704 3026; x_wconf 88' lang='lat' dir='ltr'><strong>gesta</strong></span> <span class='ocrx_word' id='word_1_243' title='bbox 726 2953 810 3023; x_wconf 88' lang='lat' dir='ltr'><strong>sunt,</strong></span> <span class='ocrx_word' id='word_1_244' title='bbox 833 2965 997 3026; x_wconf 86' lang='lat' dir='ltr'><strong>omnesque</strong></span> <span class='ocrx_word' id='word_1_245' title='bbox 1013 2964 1081 3008; x_wconf 91' lang='lat' dir='ltr'><strong>con·</strong></span> <span class='ocrx_word' id='word_1_246' title='bbox 1103 2945 1147 3010; x_wconf 89' lang='grc'><strong>30</strong></span> 
     </span>
     <span class='ocr_line' id='line_1_32' title="bbox 100 3031 1082 3115; baseline 0.002 -23"><span class='ocrx_word' id='word_1_247' title='bbox 100 3041 262 3093; x_wconf 88' lang='lat' dir='ltr'><strong>currerunt</strong></span> <span class='ocrx_word' id='word_1_248' title='bbox 277 3033 315 3093; x_wconf 89' lang='lat' dir='ltr'><strong>ad</strong></span> <span class='ocrx_word' id='word_1_249' title='bbox 330 3033 508 3096; x_wconf 90' lang='lat' dir='ltr'><strong>Perdiccam</strong></span> <span class='ocrx_word' id='word_1_250' title='bbox 524 3033 766 3115; x_wconf 88' lang='lat' dir='ltr'><strong>opprimendum.</strong></span> <span class='ocrx_word' id='word_1_251' title='bbox 812 3031 912 3102; x_wconf 79' lang='lat' dir='ltr'><strong>Quem</strong></span> <span class='ocrx_word' id='word_1_252' title='bbox 927 3033 985 3094; x_wconf 91' lang='lat' dir='ltr'><strong>etsi</strong></span> <span class='ocrx_word' id='word_1_253' title='bbox 1001 3033 1082 3094; x_wconf 89' lang='lat' dir='ltr'><strong>infir-</strong></span> 
     </span>
     <span class='ocr_line' id='line_1_33' title="bbox 98 3119 1080 3198; baseline -0.001 -20"><span class='ocrx_word' id='word_1_254' title='bbox 98 3138 183 3179; x_wconf 89' lang='lat' dir='ltr'><strong>mnm</strong></span> <span class='ocrx_word' id='word_1_255' title='bbox 206 3119 344 3194; x_wconf 86' lang='lat' dir='ltr'><strong>videbat,</strong></span> <span class='ocrx_word' id='word_1_256' title='bbox 377 3121 457 3198; x_wconf 92' lang='lat' dir='ltr'><strong>quod</strong></span> <span class='ocrx_word' id='word_1_257' title='bbox 479 3140 557 3181; x_wconf 90' lang='lat' dir='ltr'><strong>unus</strong></span> <span class='ocrx_word' id='word_1_258' title='bbox 580 3120 719 3181; x_wconf 90' lang='lat' dir='ltr'><strong>omnibns</strong></span> <span class='ocrx_word' id='word_1_259' title='bbox 740 3119 884 3181; x_wconf 87' lang='lat' dir='ltr'><strong>resistere</strong></span> <span class='ocrx_word' id='word_1_260' title='bbox 906 3119 1080 3198; x_wconf 85' lang='lat' dir='ltr'><strong>cogebatur,</strong></span> 
     </span>
     <span class='ocr_line' id='line_1_34' title="bbox 98 3204 1083 3286; baseline 0 -22"><span class='ocrx_word' id='word_1_261' title='bbox 98 3207 201 3265; x_wconf 88' lang='lat' dir='ltr'><strong>tamen</strong></span> <span class='ocrx_word' id='word_1_262' title='bbox 217 3206 348 3267; x_wconf 88' lang='lat' dir='ltr'><strong>amioum</strong></span> <span class='ocrx_word' id='word_1_263' title='bbox 368 3225 428 3267; x_wconf 91' lang='lat' dir='ltr'><strong>non</strong></span> <span class='ocrx_word' id='word_1_264' title='bbox 450 3207 584 3267; x_wconf 87' lang='lat' dir='ltr'><strong>deseruit</strong></span> <span class='ocrx_word' id='word_1_265' title='bbox 598 3225 696 3286; x_wconf 88' lang='lat' dir='ltr'><strong>neque</strong></span> <span class='ocrx_word' id='word_1_266' title='bbox 711 3206 818 3268; x_wconf 89' lang='lat' dir='ltr'><strong>salutis</strong></span> <span class='ocrx_word' id='word_1_267' title='bbox 832 3225 923 3286; x_wconf 92' lang='lat' dir='ltr'><strong>quam</strong></span> <span class='ocrx_word' id='word_1_268' title='bbox 938 3205 1009 3266; x_wconf 90' lang='lat' dir='ltr'><strong>fidei</strong></span> <span class='ocrx_word' id='word_1_269' title='bbox 1024 3204 1083 3265; x_wconf 87' lang='lat' dir='ltr'><strong>fnit</strong></span> 
     </span>
     <span class='ocr_line' id='line_1_35' title="bbox 99 3290 1083 3373; baseline 0.001 -24"><span class='ocrx_word' id='word_1_270' title='bbox 99 3293 245 3370; x_wconf 85' lang='lat' dir='ltr'><strong>cupidior.</strong></span> <span class='ocrx_word' id='word_1_271' title='bbox 270 3290 464 3353; x_wconf 87' lang='lat' dir='ltr'><strong>Praelecerat</strong></span> <span class='ocrx_word' id='word_1_272' title='bbox 477 3293 557 3352; x_wconf 89' lang='lat' dir='ltr'><strong>hunc</strong></span> <span class='ocrx_word' id='word_1_273' title='bbox 571 3291 733 3353; x_wconf 91' lang='lat' dir='ltr'><strong>Perdiccas</strong></span> <span class='ocrx_word' id='word_1_274' title='bbox 749 3292 777 3352; x_wconf 91' lang='lat' dir='ltr'><strong>ei</strong></span> <span class='ocrx_word' id='word_1_275' title='bbox 792 3293 872 3373; x_wconf 88' lang='lat' dir='ltr'><strong>parti</strong></span> <span class='ocrx_word' id='word_1_276' title='bbox 886 3291 989 3366; x_wconf 91' lang='lat' dir='ltr'><strong>Asiae,</strong></span> <span class='ocrx_word' id='word_1_277' title='bbox 1006 3309 1083 3369; x_wconf 91' lang='lat' dir='ltr'><strong>qnae</strong></span> 
     </span>
     <span class='ocr_line' id='line_1_36' title="bbox 97 3373 1146 3458; baseline 0.001 -22"><span class='ocrx_word' id='word_1_278' title='bbox 97 3376 178 3437; x_wconf 87' lang='lat' dir='ltr'><strong>inter</strong></span> <span class='ocrx_word' id='word_1_279' title='bbox 195 3377 327 3439; x_wconf 83' lang='lat' dir='ltr'><strong>Taurum</strong></span> <span class='ocrx_word' id='word_1_280' title='bbox 342 3386 475 3439; x_wconf 89' lang='lat' dir='ltr'><strong>montem</strong></span> <span class='ocrx_word' id='word_1_281' title='bbox 490 3377 570 3439; x_wconf 90' lang='lat' dir='ltr'><strong>iacet</strong></span> <span class='ocrx_word' id='word_1_282' title='bbox 584 3383 675 3457; x_wconf 88' lang='lat' dir='ltr'><strong>atque</strong></span> <span class='ocrx_word' id='word_1_283' title='bbox 689 3377 934 3458; x_wconf 89' lang='lat' dir='ltr'><strong>Hellespontum,</strong></span> <span class='ocrx_word' id='word_1_284' title='bbox 949 3384 981 3436; x_wconf 92' lang='lat' dir='ltr'><strong>et</strong></span> <span class='ocrx_word' id='word_1_285' title='bbox 995 3377 1082 3436; x_wconf 90' lang='lat' dir='ltr'><strong>illum</strong></span> <span class='ocrx_word' id='word_1_286' title='bbox 1104 3373 1146 3437; x_wconf 82' lang='lat'><strong>35</strong></span> 
     </span>
     <span class='ocr_line' id='line_1_37' title="bbox 98 3462 1081 3545; baseline -0.001 -22"><span class='ocrx_word' id='word_1_287' title='bbox 98 3483 192 3523; x_wconf 90' lang='lat' dir='ltr'><strong>unum</strong></span> <span class='ocrx_word' id='word_1_288' title='bbox 216 3470 398 3545; x_wconf 87' lang='lat' dir='ltr'><strong>opposuerat</strong></span> <span class='ocrx_word' id='word_1_289' title='bbox 417 3462 585 3544; x_wconf 88' lang='lat' dir='ltr'><strong>Europaeis</strong></span> <span class='ocrx_word' id='word_1_290' title='bbox 600 3465 799 3530; x_wconf 79' lang='lat' dir='ltr'><strong>aduersariis:</strong></span> <span class='ocrx_word' id='word_1_291' title='bbox 821 3465 887 3544; x_wconf 90' lang='lat' dir='ltr'><strong>ipse</strong></span> <span class='ocrx_word' id='word_1_292' title='bbox 902 3462 1081 3542; x_wconf 87' lang='lat' dir='ltr'><strong>Aegyptum</strong></span> 
     </span>
    </p>
   </div>
   <div class='ocr_carea' id='block_1_3' title="bbox 122 3568 305 3578">
    <p class='ocr_par' dir='ltr' id='par_1_5' title="bbox 122 3568 305 3578">
     <span class='ocr_line' id='line_1_38' title="bbox 122 3568 305 3578; baseline -0.011 1"><span class='ocrx_word' id='word_1_293' title='bbox 122 3568 305 3578; x_wconf 82' lang='lat'><em>——————-—-</em></span> 
     </span>
    </p>
   </div>
   <div class='ocr_carea' id='block_1_4' title="bbox 100 3599 1090 3731">
    <p class='ocr_par' dir='ltr' id='par_1_6' title="bbox 100 3599 1090 3731">
     <span class='ocr_line' id='line_1_39' title="bbox 168 3599 1082 3667; baseline -0.003 -15"><span class='ocrx_word' id='word_1_294' title='bbox 168 3600 194 3665; x_wconf 77' lang='grc'><strong>*1</strong></span> <span class='ocrx_word' id='word_1_295' title='bbox 206 3603 265 3652; x_wconf 87' lang='lat' dir='ltr'><strong>Dias</strong></span> <span class='ocrx_word' id='word_1_296' title='bbox 275 3601 322 3667; x_wconf 89' lang='lat' dir='ltr'><strong>gilt</strong></span> <span class='ocrx_word' id='word_1_297' title='bbox 330 3615 379 3652; x_wconf 87' lang='lat' dir='ltr'><strong>nur</strong></span> <span class='ocrx_word' id='word_1_298' title='bbox 387 3615 436 3655; x_wconf 84' lang='lat' dir='ltr'><strong>von</strong></span> <span class='ocrx_word' id='word_1_299' title='bbox 446 3600 576 3652; x_wconf 88' lang='lat' dir='ltr'><strong>einzelnen</strong></span> <span class='ocrx_word' id='word_1_300' title='bbox 587 3599 922 3664; x_wconf 86' lang='lat' dir='ltr'><strong>Goheimschrciborstellen;</strong></span> <span class='ocrx_word' id='word_1_301' title='bbox 934 3602 1004 3650; x_wconf 89' lang='lat' dir='ltr'><strong>sonst</strong></span> <span class='ocrx_word' id='word_1_302' title='bbox 1013 3600 1082 3650; x_wconf 85' lang='lat' dir='ltr'><strong>stan-</strong></span> 
     </span>
     <span class='ocr_line' id='line_1_40' title="bbox 100 3668 1090 3731; baseline -0.006 -11"><span class='ocrx_word' id='word_1_303' title='bbox 100 3670 151 3721; x_wconf 89' lang='lat' dir='ltr'><strong>dcn</strong></span> <span class='ocrx_word' id='word_1_304' title='bbox 164 3669 205 3722; x_wconf 88' lang='lat' dir='ltr'><strong>die</strong></span> <span class='ocrx_word' id='word_1_305' title='bbox 218 3672 316 3724; x_wconf 85' lang='lat' dir='ltr'><strong>scribae</strong></span> <span class='ocrx_word' id='word_1_306' title='bbox 333 3669 375 3723; x_wconf 87' lang='lat' dir='ltr'><strong>boi</strong></span> <span class='ocrx_word' id='word_1_307' title='bbox 393 3670 442 3722; x_wconf 87' lang='lat' dir='ltr'><strong>den</strong></span> <span class='ocrx_word' id='word_1_308' title='bbox 455 3668 578 3723; x_wconf 86' lang='lat' dir='ltr'><strong>Griechcn</strong></span> <span class='ocrx_word' id='word_1_309' title='bbox 596 3670 666 3723; x_wconf 90' lang='lat' dir='ltr'><strong>nicht</strong></span> <span class='ocrx_word' id='word_1_310' title='bbox 682 3670 769 3731; x_wconf 77' lang='lat' dir='ltr'><strong>hoher,</strong></span> <span class='ocrx_word' id='word_1_311' title='bbox 788 3669 824 3721; x_wconf 85' lang='lat' dir='ltr'><strong>als</strong></span> <span class='ocrx_word' id='word_1_312' title='bbox 842 3668 886 3720; x_wconf 89' lang='lat' dir='ltr'><strong>bei</strong></span> <span class='ocrx_word' id='word_1_313' title='bbox 902 3669 957 3720; x_wconf 83' lang='lat' dir='ltr'><strong>den</strong></span> <span class='ocrx_word' id='word_1_314' title='bbox 964 3669 1090 3719; x_wconf 71' lang='lat' dir='ltr'><strong>Rbmen..</strong></span> 
     </span>
    </p>
   </div>
   <div class='ocr_carea' id='block_1_5' title="bbox 907 3752 942 3808">
    <p class='ocr_par' dir='ltr' id='par_1_7' title="bbox 907 3752 942 3808">
     <span class='ocr_line' id='line_1_41' title="bbox 907 3752 942 3808; baseline 0 -23"><span class='ocrx_word' id='word_1_315' title='bbox 907 3752 942 3808; x_wconf 56' lang='grc' dir='ltr'><strong>νβ</strong></span> 
     </span>
    </p>
   </div>
   <div class='ocr_carea' id='block_1_6' title="bbox 0 0 1256 4080">
    <p class='ocr_par' dir='ltr' id='par_1_8' title="bbox 0 0 1256 4080">
     <span class='ocr_line' id='line_1_42' title="bbox 0 0 1256 4080; baseline 0 0"><span class='ocrx_word' id='word_1_316' title='bbox 0 0 1256 4080; x_wconf 95' lang='lat' dir='ltr'><strong> </strong></span> 
     </span>
    </p>
   </div>
  </div>
 </body>
</html>
