2504 4080
379 262 472 325 XXI.
495 261 729 327 HAMILCAR.
980 262 1044 328 113

47 434 93 496 in
107 435 270 514 conspectu
284 467 327 482 -
342 435 381 495 ad
396 437 496 497 castra
510 436 651 516 ponenda
665 455 733 497 esse
753 436 904 498 idoneum.
943 436 1044 507 Quem

51 539 129 581 cum
144 520 241 598 digito
256 521 480 581 demonstraret
490 528 522 582 et
532 522 585 583 1116
595 522 770 602 respiceret,
786 523 951 584 adversum
961 524 1043 585 ferro

57 605 215 667 transfixit
243 606 389 686 priusque
418 626 509 686 quam
540 609 700 688 quisquam
729 613 833 689 posset
866 627 1044 671 succurrere

56 691 220 754 interfecit.
257 691 307 754 116
321 692 375 752 1116
390 692 447 767 vir,
464 693 515 773 qui
530 695 643 755 multos
659 693 793 769 consilio,
809 695 961 756 nemiuem
976 715 1044 776 per·

52 776 134 840 fidia
147 783 276 858 ceperat,
293 777 436 841 simulata
451 783 557 859 captus
572 784 620 840 est
634 779 776 840 amicitia
1065 775 1088 841 5

361 1355 476 1439 XXI.
502 1355 741 1438 Hamilcar.

46 1530 239 1622 1111111616,
255 1545 438 1607 Hannibalis
452 1545 547 1619 filius,
571 1544 750 1623 cognomine
765 1544 894 1620 Barcae,
916 1543 1043 1607 Cartha·
1065 1548 1084 1609 1

54 1632 209 1712 giniensis
225 1633 322 1712 primo
334 1631 449 1692 Punico
466 1631 546 1692 bello
561 1631 615 1691 sed
631 1631 818 1711 temporibus
834 1633 977 1692 extremis
992 1633 1045 1694 ad-

58 1719 183 1779 modum
198 1717 442 1779 adolcscentulus
456 1718 489 1776 in
501 1715 606 1777 Sicilia
617 1736 758 1796 praeesse
771 1719 871 1799 coepit
886 1718 1043 1779 exercitui.

58 1801 140 1865 Cum
155 1811 255 1865 autem
271 1805 336 1865 eius
349 1804 485 1864 adventu
500 1808 583 1863 terra
594 1803 674 1863 male
685 1823 734 1863 res
746 1811 906 1882 gereretur
918 1802 1045 1866 Cartha-

56 1889 244 1968 giniensium
273 1890 354 1968 iique
383 1890 448 1949 fere
475 1894 540 1949 tota
566 1886 670 1949 Sicilia
699 1893 822 1968 praeter
849 1908 946 1970 pauca
975 1885 1087 1950 loca5

58 1977 178 2037 munita
193 1976 312 2056 depulsi
328 1979 439 2049 essent,
456 1976 506 2035 hic
521 1975 552 2033 in
563 1975 639 2035 urbe
650 1973 855 2054 Erycinorum
874 1977 930 2036 sub
941 1974 1044 2056 Eryce

59 2065 176 2136 monte,
201 2082 291 2141 quem
305 2061 435 2123 Romani
457 2061 647 2132 obtinebant,
668 2063 732 2121 tam
754 2062 874 2122 fortiter
896 2062 1043 2140 impetum

43 2147 183 2217 ‚illorum
198 2148 355 2222 sustinuit,
379 2155 413 2208 ut
436 2150 468 2207 et
481 2147 578 2207 multa
598 2146 733 2226 pericula
752 2147 790 2207 iis
806 2152 928 2227 pararet
947 2166 1044 2226 neque

58 2233 161 2313 ipsum
186 2234 247 2293 iam
273 2234 401 2314 aggredi
426 2234 581 2293 auderent.
626 2232 754 2292 interim
777 2230 1044 2311 Carthaginienses

55 2320 160 2379 classe
175 2319 256 2398 apud
271 2319 387 2380 insulas
402 2317 537 2398 Aegates
554 2337 572 2378 a
588 2315 619 2378 C.
637 2317 759 2379 Lutatio
776 2317 893 2392 Catulo,
918 2320 1042 2381 consule
1066 2313 1108 2379 10

57 2403 279 2480 Romanorum,
305 2405 440 2484 superati
463 2408 637 2466 statuerunt
651 2404 724 2464 belli
740 2405 831 2465 finem
846 2406 946 2466 facere
963 2424 1044 2465 eam·

56 2510 120 2569 que
134 2510 198 2551 rem
213 2491 338 2551 arbitrio
351 2490 534 2551 Hamilcaris
548 2490 760 2569 permiserunt.
788 2491 846 2551 1116
862 2492 920 2551 6161
935 2492 1044 2570 flagra-

56 2577 112 2636 bat
133 2576 265 2638 bellandi
287 2577 467 2656 cupiditate,
488 2581 591 2636 tamen
611 2577 678 2655 paci
702 2577 897 2637 serviendum
912 2578 1042 2657 putavit,

55 2663 139 2740 quod
161 2665 292 2743 patriam
314 2663 495 2722 exhaustam
521 2663 692 2741 sumptibus
715 2662 828 2722 diutius
855 2663 1043 2723 calamitates

56 2747 133 2808 belli
147 2749 228 2809 ferre
243 2769 302 2810 nou
317 2768 407 2828 posse
423 2747 623 2825 intelligebat,
648 2748 702 2807 sed
717 2749 760 2807 ita
775 2755 808 2807 ut
823 2750 924 2807 mente
939 2747 1044 2806 statim
1066 2741 1109 2808 15

56 2834 200 2912 agitaret,
217 2835 243 2894 si
258 2836 383 2914 paulum
398 2833 486 2894 modo
499 2853 547 2893 res
560 2839 662 2894 essent
672 2834 812 2907 refectae,
829 2832 944 2893 bellum
958 2852 1045 2893 reno-

56 2937 135 2979 vare
149 2919 363 3000 Romanosque
378 2920 458 2981 bello
473 2919 625 3000 persequi,
647 2920 743 2979 donec
758 2927 810 2978 aut
825 2919 939 2979 virtute
955 2919 1045 2979 vicis·

53 3010 136 3079 sent,
153 3011 207 3066 aut
221 3007 295 3068 victi
310 3026 417 3068 manus
432 3006 595 3066 dedissent.
630 3004 699 3064 Hoc
714 3005 839 3066 consilio
855 3024 961 3085 pacem
976 3025 1046 3067 con-

57 3091 192 3166 ciliavit3
209 3093 241 3153 in
256 3113 315 3172 quc
331 3098 416 3152 tanta
430 3093 488 3152 fuit
503 3091 625 3166 ferocia,
643 3110 711 3150 cum
728 3088 853 3152 Catulus
869 3096 998 3171 negaret
1012 3111 1046 3152 66

56 3177 175 3237 bellum
202 3178 454 3258 compositurum,
480 3177 540 3238 nisi
565 3178 619 3237 ille
641 3196 709 3237 cum
732 3179 811 3254 suis,
838 3179 890 3257 qui
912 3177 1045 3258 Erycem
1067 3171 1112 3235 20

56 3263 242 3337 tenuissent,
266 3265 359 3324 armis
380 3263 496 3323 relictis
519 3262 624 3324 Sicilia
632 3264 832 3339 decederent,
854 3268 889 3324 ut
909 3282 1045 3324 succum-

56 3348 150 3409 bente
166 3350 266 3429 patria
281 3351 348 3429 ipse
362 3349 532 3429 periturum
547 3369 581 3409 66
595 3350 696 3429 potius
712 3350 840 3423 diceret,
864 3368 955 3427 quam
977 3367 1046 3407 cum

42 3436 144 3509 ,tanto
167 3436 284 3513 flagitio
306 3435 430 3495 domum
449 3434 571 3495 rediret.
616 3434 685 3495 Non
705 3436 785 3496 enim
806 3454 874 3495 6666
896 3453 970 3494 snae
984 3434 1046 3494 vir-

57 3520 134 3580 tutis
158 3540 244 3581 arma
264 3542 283 3583 a
305 3521 405 3601 patria
425 3524 550 3601 accepta
570 3521 718 3581 adversus
739 3521 841 3581 hostes
862 3519 1046 3580 adversariis

42 3606 189 3668 tradere.
234 3607 336 3669 Huius
350 3606 537 3688 pertinaciae
551 3607 644 3667 cessit
659 3603 796 3667 Catulus.
1069 3599 1113 3665 25

112 3724 214 3765 0611161116
227 3727 299 3773 llepca
880 3713 902 3759 1
