2504 4080
499 232 683 298 1111111.
1020 233 1107 319 111Ι

95 405 265 466 1111111111
280 406 411 466 ambitus
426 406 647 485 largitionibus,
668 426 766 484 neque
781 406 850 487 geri
868 427 886 468 e
905 427 939 468 re
959 409 1084 489 publica

100 493 167 552 sine
182 492 318 571 periculo
334 492 483 571 corruptis
499 491 631 553 ciuitatis
646 492 789 552 moribus.
829 492 880 553 Ad
894 494 1014 555 hastam
1028 513 1084 575 pu-

98 579 212 639 blicam
227 596 391 656 numquam
407 577 541 638 accessit.
576 577 699 638 Nullius
713 578 758 638 rei
772 597 870 658 neque
884 599 974 658 praes
984 601 1083 661 neque

99 683 244 743 manceps
259 664 357 724 factus
372 666 426 723 est.
470 662 632 723 Neminem
652 683 750 743 neque
771 684 826 724 suo
848 665 970 726 nomine
984 686 1083 746 neque

101 750 293 810 subscribens
319 749 488 809 accusavit:
514 749 546 808 in
572 749 619 809 ius
645 750 762 810 desua
787 769 821 809 re
843 770 1006 830 numquam
1030 753 1080 814 iit:
1103 748 1124 812 5

100 836 247 896 iudicium
261 835 378 894 nullum
395 834 510 894 habuit.
543 833 712 895 Multorum
727 835 883 897 consulum
894 840 1081 917 praetorum-

98 941 159 1002 que
173 922 381 1002 praefecturas
396 920 513 980 delatas
529 920 574 980 sic
588 921 718 1001 accepit,
740 928 775 981 ut
793 922 945 982 neminem
966 924 998 983 in
1012 943 1081 1004 pro-

99 1008 231 1067 vinciam
246 1007 287 1066 sit
301 1009 433 1082 secutus,
448 1007 562 1066 honore
575 1006 668 1067 fuerit
683 1009 851 1081 contentus,
866 1007 912 1068 rei
923 1009 1082 1070 familiaris

99 1092 277 1172 despexerit
297 1092 443 1152 fructum:
466 1092 518 1171 qui
539 1112 578 1152 ne
594 1111 662 1152 cum
677 1091 715 1161 Q.
730 1093 852 1171 quidem
869 1090 1015 1155 Cicerone
1029 1115 1081 1156 ro·
1207 1162 1210 1169 ¹

100 1178 194 1239 luerit
208 1177 256 1245 ire,
268 1178 300 1236 in
314 1175 433 1250 Asiam,
456 1195 525 1237 cum
540 1179 621 1257 apud
636 1198 707 1239 eum
720 1178 815 1257 legati
830 1179 931 1240 locum
946 1180 1083 1242 obtinere
1106 1177 1148 1242 10

100 1266 212 1346 posset.
246 1262 314 1322 Non
330 1265 411 1323 enim
425 1264 533 1324 decere
548 1283 580 1323 se
596 1264 808 1338 arbitrabatur,
824 1284 894 1325 eum
909 1270 1082 1346 praeturam

100 1369 210 1428 gerere
225 1348 379 1424 noluisset,
396 1350 543 1411 asseclam
558 1369 625 1409 esse
640 1350 797 1428 praetoris.
843 1349 912 1419 Qua
927 1352 959 1411 in
973 1372 1007 1414 re
1022 1373 1082 1415 non

101 1437 200 1497 solum
215 1435 357 1513 dignitati
379 1435 546 1508 serviebat,
571 1435 625 1493 sed
646 1434 737 1495 etiam
760 1436 987 1513 tranquillitati,
1013 1456 1082 1499 curn

101 1521 288 1600 suspiciones
303 1541 422 1599 quoque
436 1521 550 1580 vitaret
566 1519 734 1580 criminum.
769 1519 838 1589 Quo
852 1521 952 1597 fiebat,
968 1529 1003 1583 ut
1016 1524 1082 1583 eius

100 1607 294 1667 observantia
308 1606 447 1666 omnibns
463 1609 544 1665 esset
567 1604 679 1680 carior,
704 1624 773 1664 cnm
795 1625 862 1668 eam
884 1608 997 1682 officie,
1022 1628 1083 1668 non
1107 1603 1147 1668 15

103 1694 205 1754 timori
222 1712 320 1770 neque
335 1693 400 1770 spei
416 1691 507 1751 tribui
522 1691 673 1755 viderent.

186 1778 301 1837 Incidit
316 1773 531 1839 Caesarianum
546 1778 637 1838 civile
652 1776 781 1852 bellurn,
805 1795 873 1837 cum
888 1777 1015 1839 haberet
1030 1799 1081 1841 an·
1108 1778 1170 1840 VII

101 1884 156 1922 nos
172 1864 293 1922 circiter
308 1863 478 1941 sexaginta.
523 1861 604 1924 Usus
626 1872 673 1923 est
688 1863 795 1923 aetatis
810 1865 970 1925 vacatione
984 1886 1082 1944 neque

100 1970 135 2009 11
150 1968 300 2027 quoquam
313 1950 410 2009 movit
424 1970 465 2009 ex
480 1949 563 2008 urbe.
609 1948 696 2018 Quae
717 1948 821 2010 amicis
843 1950 906 2009 suis
928 1971 1003 2030 opus
1018 1952 1082 2012 fue-

101 2039 171 2095 rant
185 2035 224 2095 ad
239 2034 418 2114 Pompeium
432 2035 701 2115 proficiscentibus,
720 2034 820 2094 omnia
836 2055 876 2094 ex
888 2055 985 2097 snare
996 2038 1083 2097 fami·
1105 2031 1148 2097 20

101 2122 169 2182 liari
185 2118 276 2181 dedit.
320 2121 426 2200 Ipsum
448 2121 625 2201 Pompeium
648 2120 840 2181 coniunctum
862 2141 922 2182 non
944 2122 1082 2186 ostendit:

100 2208 219 2266 nullum
233 2208 271 2267 ab
287 2227 321 2267 eo
333 2208 464 2267 habebat
475 2212 693 2279 ornamentum,
710 2211 745 2265 ut
759 2206 861 2280 ceteri,
877 2209 928 2286 qui
943 2216 997 2288 per
1012 2230 1082 2270 euin

101 2300 153 2353 aut
168 2294 296 2352 honores
311 2296 364 2354 aut
379 2293 502 2353 divitias
518 2298 669 2373 ceperant.
693 2292 831 2360 Quorum
842 2295 953 2372 partim
964 2295 1081 2356 invitis-

102 2379 171 2437 simi
194 2383 294 2437 castra
317 2381 388 2438 sunt
408 2379 519 2453 secuti,
543 2379 654 2458 partim
676 2397 794 2438 summa
820 2398 887 2438 cum
911 2381 975 2440 eius
992 2381 1082 2440 offen-

101 2464 186 2523 sione
208 2464 289 2522 dorni
309 2468 528 2524 remanserunt.
574 2464 670 2524 Attici
692 2471 794 2524 autern
817 2464 901 2542 quies
926 2469 1083 2546 tantopere
1105 2461 1148 2525 25

104 2548 226 2609 Caesari
250 2549 308 2609 fuit
328 2542 431 2625 grata,
454 2553 488 2610 ut
507 2550 621 2625 victor,
644 2570 713 2610 cum
728 2551 855 2631 privatis
871 2552 1013 2630 pecunias
1030 2572 1084 2632 por

101 2635 247 2715 epistolas
263 2635 440 2713 imperaret,
461 2635 531 2694 huic
545 2656 606 2697 non
621 2636 720 2696 solum
740 2637 885 2696 molestus
908 2656 968 2696 non
983 2637 1083 2711 fuerit,

104 2722 158 2780 sed
180 2722 271 2781 etiarn
293 2722 405 2780 sororis
427 2720 523 2780 filium
547 2726 577 2780 ot
592 2720 629 2790 Q.
648 2718 823 2782 Ciceronem
839 2740 878 2780 ex
894 2720 1019 2800 Pompei
1036 2742 1083 2782 ce-

103 2807 175 2863 stris
191 2807 380 2867 concesserit.
426 2804 476 2866 Sic
496 2810 600 2866 vetere
621 2807 760 2866 instituto
781 2806 863 2866 vitae
885 2805 990 2885 effugit
1005 2808 1085 2868 nova

107 2890 249 2970 pericula.
1107 2888 1150 2953 30

191 2975 334 3036 Secutum
356 2980 403 3037 111
423 2977 500 3037 illud
521 2977 619 3038 occiso
636 2973 779 3050 Caesare,
802 2995 870 3035 cum
891 2997 939 3038 res
961 2976 1172 3059 publicaVIH

104 3081 198 3142 penes
213 3061 324 3122 Brutos
339 3064 496 3122 videretur
511 3083 577 3123 esse
592 3068 624 3123 et
640 3060 779 3123 Cassium
799 3081 834 3122 ac
848 3066 912 3124 tota
927 3065 1035 3126 civitas
1051 3087 1085 3126 se

105 3149 144 3208 ad
161 3168 211 3207 cos
228 3148 414 3207 convertisse
428 3149 593 3209 videretur.
639 3146 690 3208 Sic
704 3148 745 3208 M.
762 3146 857 3211 Bruto
872 3170 944 3210 usus
960 3160 1035 3227 erat,
1051 3158 1086 3212 ut

104 3233 189 3295 nullo
211 3234 264 3293 ille
285 3233 461 3293 adolescens
483 3235 601 3313 aequali
623 3234 804 3294 familiarius
825 3254 915 3314 quarn
937 3237 993 3296 hoc
1014 3257 1085 3297 sene

105 3340 203 3398 neque
218 3320 316 3379 solum
331 3339 401 3378 eum
415 3319 581 3398 principem
596 3320 714 3381 consilii
729 3321 861 3395 haberet,
878 3321 1038 3381 sedetiam
1053 3323 1084 3382 in
1107 3315 1150 3380 35

108 3406 256 3465 convictu.
280 3403 500 3482 Excogitatum
515 3407 780 3485 estaquibusdam
791 3413 825 3466 ut
836 3407 990 3486 privatum
1001 3427 1084 3469 aera·
1110 3472 1116 3479 ,

107 3491 186 3550 rium
203 3489 342 3552 Caesaris
365 3491 608 3554 interfectoribus
632 3493 670 3552 ab
692 3493 842 3572 equitibus
857 3492 1001 3553 Romanis
1016 3512 1084 3553 cou-

109 3574 293 3638 stitueretur.
339 3577 378 3637 Id
393 3577 483 3638 facile
498 3578 576 3638 effici
590 3599 680 3659 posse
694 3578 832 3640 arbitrati
847 3581 931 3655 sunt,
956 3579 982 3639 si
1004 3579 1085 3659 prin-

161 3692 259 3734 Gornollus
273 3697 347 3743 Nepos.
915 3688 930 3732 9
