2542 4088
185 243 249 308 130
581 244 765 309 ATTIOUS.

183 419 266 499 cipes
281 419 346 479 eius
362 418 477 479 ordinis
487 418 631 499 pecunias
642 418 851 483 contulissent.
871 420 980 500 Itaque
991 421 1175 501 appellatus

182 512 230 566 est
244 524 262 565 a
278 501 314 565 Gr.
330 503 449 580 Flavio,
464 503 552 565 Bruti
568 503 720 580 familiari,
735 503 872 581 Atticus,
894 505 1171 587 8181881818118-

184 610 254 671 ceps
269 609 336 650 8888
350 590 453 650 uellet.
478 589 521 650 At
535 590 596 665 1118,
613 590 664 668 qui
677 590 776 651 officia
785 591 890 652 amicis
901 593 1087 672 praestanda
1097 593 1168 654 sine

182 676 314 738 factione
334 677 524 737 existimaret
544 696 723 755 semperque
744 696 762 737 a
782 676 896 737 talibus
918 698 952 737 se
966 679 1103 739 consiliis
1118 700 1168 740 18-

140 762 162 827 5
183 762 343 837 movisset,
364 763 528 842 respondit,
556 762 583 821 si
604 762 677 841 quid
692 760 806 822 Brutus
827 763 865 822 de
888 764 952 823 suis
965 764 1167 826 facultatibus

182 848 228 909 uti
243 848 398 923 voluisset,
416 868 542 908 usurum
558 852 705 926 quantum
720 868 773 909 888
788 850 981 928 paterentur:
996 850 1049 910 881
1064 871 1167 930 neque

183 953 251 995 cum
267 953 417 1014 quoquam
439 954 479 994 se
502 935 541 994 18
556 953 640 995 8818
655 935 874 994 8811888181881
889 956 987 1014 neque
1001 937 1165 997 coiturum.

182 1019 301 1081 Sicilie
316 1020 520 1081 consensionis
535 1020 645 1098 globus
660 1020 750 1080 huius
765 1021 855 1080 unius
870 1021 1056 1083 dissensione
1070 1022 1171 1083 disie-v

182 1112 249 1167 ctus
264 1109 319 1166 est.
347 1106 454 1184 Neque
466 1106 561 1165 multo
573 1108 641 1186 post
653 1106 790 1185 superior
805 1126 873 1166 esse
888 1108 988 1187 coepit
1001 1107 1163 1184 Antonius,

120 1190 161 1255 10
181 1192 225 1252 ita
239 1195 273 1252 ut
283 1191 397 1251 Brutus
412 1198 443 1251 81
455 1187 579 1250 Cassius
590 1193 824 1270 provinciarum,
840 1212 916 1271 quae
928 1195 972 1253 eis
984 1194 1060 1254 11818
1071 1213 1166 1256 causa

182 1278 272 1338 datao
288 1279 375 1337 81881
389 1278 549 1352 88888118,
566 1277 1167 1360 destitutaadministrationedesperatis

181 1363 273 1423 rebus
288 1364 319 1422 in
336 1363 462 1423 exilium
477 1363 749 1443 proficiscerentur.
788 1363 918 1439 Atticus,
934 1367 985 1444 qui
1001 1368 1168 1445 pecuniam

182 1449 272 1509 simul
300 1469 367 1509 curn
394 1450 502 1510 ceteris
530 1450 666 1510 conferre
691 1450 830 1510 noluerat
855 1451 974 1511 florenti
997 1452 1044 1513 illi
1070 1454 1163 1531 parti,

182 1535 298 1597 abiecto
314 1535 409 1596 Bruto
425 1535 575 1614 Italiaque
598 1536 715 1595 cedenti
731 1534 785 1596 HS
806 1540 926 1596 centum
940 1537 1025 1597 milia
1040 1538 1164 1598 muneri

118 1618 159 1683 15
181 1622 276 1681 misit:
293 1622 392 1681 eidem
407 1623 437 1680 in
452 1620 546 1700 Epiro
563 1620 671 1681 absens
687 1624 822 1682 trecenta
837 1623 926 1683 iussit
941 1624 1014 1683 dari.
1053 1624 1166 1704 Neque

181 1727 215 1767 88
238 1708 337 1784 magis
359 1708 475 1786 potenti
495 1707 635 1767 adulatus
656 1711 704 1767 est
717 1705 849 1768 Antonio
871 1729 968 1786 neque
983 1710 1164 1789 desperatos

180 1792 311 1870 reliquit.

108 1877 161 1940 IX
268 1875 410 1938 Secutum
426 1888 472 1938 881
486 1877 600 1938 bellum
616 1881 737 1955 gestum
752 1880 832 1958 apud
848 1878 1008 1939 Mutinam.
1045 1880 1083 1940 In
1099 1901 1161 1958 quo

180 1964 206 2023 si
229 1967 347 2023 tantum
368 1984 437 2023 eum
459 1966 640 2043 prudentem
663 1964 774 2037 dicam,
798 1965 898 2024 minus
920 1985 1011 2045 quam
1030 1965 1160 2026 debeam

115 2047 158 2112 20
180 2050 360 2131 praedicem,
378 2069 445 2113 curn
460 2051 513 2109 1118
528 2050 628 2129 881188
644 2049 765 2109 divinus
780 2050 885 2125 fuerit,
901 2051 929 2112 81
943 2051 1089 2112 divinatio
1106 2070 1160 2131 ap·

178 2136 322 2216 88118818
338 2140 384 2196 881
399 2138 545 2215 perpetua
559 2135 706 2196 naturalis
722 2136 854 2210 bonitas,
878 2155 954 2216 quae
974 2137 1067 2197 nullis
1082 2138 1160 2196 casi-

178 2222 235 2281 bus
251 2223 385 2298 agitatur
400 2242 496 2300 neque
511 2221 665 2281 minuitur.
709 2220 815 2282 Hostis
835 2221 988 2283 Antonius
1008 2223 1160 2283 iudicatus

177 2307 270 2367 Italia
282 2310 427 2370 cesserat:
444 2328 512 2387 spes
525 2308 703 2367 restituendi
715 2309 800 2368 nulla
812 2312 884 2369 erat.
907 2309 976 2369 Non
988 2309 1086 2369 solum
1099 2308 1158 2369 181-

178 2392 257 2466 81181,
274 2393 404 2470 quitum
420 2400 506 2454 erant
520 2394 723 2474 potentissimi
739 2399 768 2453 et
780 2394 912 2475 plurimi,
929 2395 1090 2455 sedetiam
1105 2395 1159 2473 qui

113 2474 156 2540 25
178 2478 362 2539 adversariis
378 2479 443 2538 eius
458 2499 490 2538 se
506 2480 618 2539 dabant
634 2480 710 2539 etin
726 2499 760 2539 co
776 2480 922 2541 laedendo
938 2480 1072 2559 aliquam
1087 2498 1159 2540 con-

178 2571 335 2625 secuturos
351 2566 514 2644 sperabant
528 2566 781 2640 commoditatem,
798 2565 922 2626 Antonii
937 2566 1097 2628 familiaris
1112 2566 1157 2627 in-

178 2652 393 2729 sequebantur,
421 2671 548 2712 uxorom
576 2652 719 2711 Fulviam
743 2652 881 2711 omnibus
906 2653 997 2712 rebus
1024 2652 1156 2733 spoliare

177 2738 345 2818 cupiebant,
357 2738 469 2799 liberos
481 2739 573 2797 ctiam
585 2738 765 2817 extinguere
776 2738 929 2817 parabant.
953 2737 1076 2798 Atticus
1087 2756 1157 2797 cum

177 2819 331 2883 Ciceronis
348 2824 454 2883 intima
469 2823 676 2884 familiaritate
689 2827 834 2899 uteretur,
858 2824 1060 2884 amicissimus
1076 2828 1158 2883 esset

112 2902 155 2967 30
176 2905 284 2983 Bruto,
306 2930 366 2969 non
385 2910 474 2969 modo
495 2910 571 2968 nihil
592 2910 639 2968 his
660 2910 788 2969 indulsit
805 2910 843 2968 ad
858 2908 1023 2969 Antonium
1038 2910 1156 2970 violan-

176 2991 263 3066 dum,
285 2995 339 3053 sed
354 3014 371 3053 e
386 2996 534 3055 contrario
549 2996 707 3055 familiaris
722 2996 788 3055 eius
803 3015 843 3055 ex
858 2996 933 3056 urbe
947 2995 1156 3075 profugientes

176 3083 322 3156 quantuni
342 3081 440 3158 potuit
460 3082 552 3155 texit,
578 3082 686 3159 quibus
707 3081 798 3141 rebus
814 3082 1011 3159 indiguerunt
1026 3081 1155 3141 adiuvit.

175 3163 209 3224 P.
227 3182 301 3223 vcro
316 3163 477 3225 Volumnio
493 3185 529 3226 88
544 3167 658 3241 tribuit,
680 3171 714 3226 ut
728 3167 818 3246 plura
832 3186 851 3227 a
865 3170 990 3248 parente
1004 3166 1155 3247 proficisci

174 3269 235 3311 888
250 3249 410 3329 8811181111.
444 3250 508 3329 1881
525 3258 625 3310 881818
640 3252 778 3328 Fuluiae,
794 3272 862 3312 cum
877 3254 980 3314 litibus
997 3253 1154 3313 distinere·

109 3332 153 3399 35
175 3338 225 3397 tur
239 3336 417 3415 magnisque
433 3337 599 3397 terroribus
614 3344 791 3412 vexaretur,
814 3342 899 3399 tanta
914 3339 1076 3417 diligentia
1090 3337 1156 3398 offi-

176 3423 256 3482 cium
271 3443 359 3482 suum
373 3423 537 3502 praestitit,
559 3425 594 3482 ut
608 3424 724 3484 nullum
739 3425 793 3485 illa
808 3426 921 3485 stiterit
934 3425 1155 3501 vadimonium,

175 3510 248 3587 quin
262 3507 383 3570 Atticus
399 3512 525 3589 sponsor
544 3510 678 3570 omnium
692 3529 794 3570 rerum
809 3511 907 3571 fuerit.
953 3509 1036 3580 cuin
1051 3511 1154 3587 etiam,

175 3612 244 3654 cum
268 3595 323 3655 illa
342 3596 468 3657 fundum
489 3597 622 3657 secunda
641 3597 762 3659 fortuna
775 3597 901 3659 emisset
913 3596 945 3657 in
960 3597 1041 3658 diem
1054 3616 1156 3678 neque
