2504 4080
438 287 513 348 XX.
537 285 744 348 DATAMES.
1018 285 1082 351 109

96 461 216 525 cebant.
241 458 311 529 Qua
326 459 481 520 celeritate
496 479 566 520 cum
581 478 724 538 magnam
739 457 983 521 benevolentiam
998 461 1082 540 regis

100 546 246 608 Datames
262 554 441 607 consecutus
456 555 546 619 esset,
568 565 628 606 uon
645 546 792 611 minorem
807 544 955 605 invidiam
969 546 1082 608 aulico-

99 653 169 695 rum
184 633 314 712 excepit,
337 633 389 711 qui
405 633 482 711 quod
499 632 587 692 illum
602 651 696 691 unum
712 631 809 711 pluris
824 650 913 709 quam
929 651 962 690 se
977 651 1082 693 omnes

100 718 168 781 fieri
183 718 336 792 videbant,
358 718 458 779 cuncti
473 718 511 777 ad
527 738 595 778 eum
611 716 841 797 opprimendum
857 722 1081 779 consenserunt.

101 804 192 866 Haec
201 802 381 878 Pandantes,
397 823 491 882 gazae
506 812 608 864 custos
623 804 737 881 regiae,
753 803 867 863 amicus
879 802 1002 862 Datami
1016 823 1082 883 per·
1104 803 1127 866 5

104 893 220 970 scripta
239 890 267 950 ei
282 892 390 965 mittit,
414 891 445 951 in
466 890 574 968 quibus
589 889 678 950 docet
692 909 761 950 eum
775 890 886 967 magno
901 889 967 949 iore
980 888 1016 949 in
1032 910 1082 969 pe-

102 977 210 1051 riculo,
225 975 251 1035 si
267 976 339 1055 quid
354 977 406 1036 illo
422 977 592 1055 imperante
607 976 729 1036 adversi
750 975 781 1034 in
797 973 941 1054 Aegypto
956 976 1082 1036 accidis-

99 1070 161 1123 set:
184 1080 315 1140 namque
337 1081 405 1122 eam
429 1083 497 1122 esse
520 1062 769 1122 consuetudinem
784 1063 917 1139 regiam,
939 1068 974 1122 ut
995 1079 1084 1122 casus

100 1148 249 1210 adversos
276 1149 446 1208 hominibus
472 1149 620 1220 tribuant,
652 1148 801 1209 secundos
831 1147 971 1218 fortunae
996 1167 1081 1208 suae:

100 1254 161 1315 quo
176 1233 252 1307 fieri,
268 1240 303 1294 ut
317 1234 406 1293 facile
422 1234 619 1314 impellantur
633 1234 672 1294 ad
687 1253 792 1294 eorum
807 1235 987 1313 perniciem,
1012 1254 1083 1313 quo·
1107 1231 1151 1295 10

99 1340 170 1381 rum
185 1320 279 1380 ductu
294 1339 343 1379 res
358 1320 437 1379 male
452 1329 558 1398 gestae
573 1320 765 1379 nuntientur:
786 1320 873 1379 illum
896 1320 953 1380 hoc
968 1316 1083 1381 maiore

99 1406 166 1468 iore
181 1407 214 1465 in
228 1406 411 1479 discrimine,
428 1407 509 1485 quod
525 1406 634 1484 quibus
649 1425 706 1465 rex
720 1405 854 1464 maxime
875 1405 1011 1480 obediat,
1032 1425 1083 1466 ecs

99 1492 214 1554 lrabeat
228 1492 459 1552 inimicissimos
505 1491 629 1552 Talibus
645 1491 698 1550 ille
713 1490 824 1550 litteris
845 1491 990 1569 cognitiS,
1014 1509 1084 1552 cum

99 1578 164 1639 iam
179 1577 218 1637 ad
233 1579 400 1638 exereitum
417 1577 501 1638 Acen
515 1577 665 1648 venisset,
688 1577 767 1655 quod
790 1595 849 1636 non
872 1576 1033 1653 ignorabat
1047 1594 1084 1636 ea

99 1684 177 1725 vera
192 1664 318 1743 scripta,
343 1664 511 1724 desciscere
526 1683 544 1724 a
559 1683 633 1741 rege
649 1662 813 1723 constituit.
858 1660 965 1740 Neque
981 1670 1084 1723 tamon
1107 1659 1149 1723 15

99 1749 267 1830 quidquam
283 1750 365 1825 fecit,
381 1751 460 1829 quod
476 1750 536 1809 fide
548 1769 603 1810 sua
618 1756 698 1809 esset
713 1748 881 1826 indignum.
902 1747 983 1808 Nam
997 1747 1084 1808 Man·

102 1834 228 1896 droclen
249 1834 423 1914 Magnetem
445 1836 592 1895 exercitui
615 1835 773 1915 praefecit:
798 1835 864 1914 ipse
884 1851 954 1894 eum
974 1835 1038 1894 suis
1052 1834 1083 1894 in

105 1916 327 1999 Cappedociam
342 1921 471 1982 discedit
486 1922 736 1999 coniunctamque
756 1921 825 1979 huic
840 1918 1083 2000 Paphlagoniam

105 2012 242 2085 occupat,
257 2008 358 2067 celans
374 2027 434 2087 qna
448 2007 606 2068 voluntate
621 2015 703 2066 esset
718 2007 748 2065 in
764 2026 875 2085 regem.
909 2003 998 2066 Clam
1014 2024 1083 2066 cum

102 2089 307 2154 Ariobarzane
322 2094 395 2153 facit
409 2094 583 2166 amicitiam,
599 2111 722 2153 manum
737 2097 899 2171 comparat,
914 2093 1007 2152 urbes
1018 2111 1083 2151 mu·
1105 2088 1149 2154 20

102 2178 187 2238 nitas
202 2178 264 2238 suis
279 2180 408 2240 tuendas
424 2179 524 2240 tradit.

192 2261 251 2324 Sed
273 2265 348 2325 haec
370 2275 496 2347 propter
522 2264 653 2325 hiemale
675 2267 796 2344 tempus
818 2263 918 2324 minus
940 2282 1086 2345 prospere
1107 2261 1155 2325 w

101 2349 315 2432 procedebant.
361 2351 456 2411 Audit
471 2350 590 2411 Pisidas
606 2351 752 2428 quasdam
772 2349 873 2429 copias
887 2350 1035 2412 adversus
1051 2370 1084 2410 se

100 2455 220 2517 parare.
243 2435 356 2498 Filium
368 2456 403 2498 eo
416 2437 579 2498 Arsideum
594 2455 664 2496 cum
681 2436 818 2496 exercitu
833 2438 940 2497 mittit:
956 2437 1037 2498 cadit
1053 2437 1085 2496 in

100 2522 220 2603 proelio
240 2523 423 2584 adolescens.
469 2522 674 2584 Proficiscitur
696 2542 732 2582 eo
754 2529 840 2602 pater
861 2543 919 2585 non
946 2522 990 2583 ita
1016 2541 1084 2582 cum
1107 2518 1151 2583 25

100 2626 218 2686 magna
232 2628 338 2684 manu,
365 2610 467 2671 celans
490 2617 637 2688 quantum
658 2607 770 2668 vulnus
796 2609 976 2688 accepisset,
1004 2608 1085 2688 quod

100 2694 190 2775 prius
211 2694 250 2754 ad
273 2694 389 2756 hostem
412 2697 572 2774 pervenire
594 2694 747 2773 cupiebat,
774 2694 924 2772 quamde
950 2714 984 2754 re
1006 2693 1086 2754 male
1187 2744 1188 2749 ,

101 2786 194 2861 gesta
204 2780 284 2841 lama
295 2781 334 2840 ad
345 2801 415 2842 snos
427 2781 611 2860 perveniret,
626 2799 665 2839 ne
677 2779 799 2859 cognita
809 2779 863 2840 filii
879 2787 976 2840 morte
991 2779 1086 2840 animi

100 2864 337 2927 debilitarentur
352 2867 493 2928 militum.
531 2866 600 2937 Quo
617 2866 813 2926 contenderat
827 2866 967 2945 pervenit
981 2866 1088 2944 eisque

99 2951 180 3013 loeis
195 2958 294 3013 eastra
309 2955 401 3032 ponit,
418 2965 453 3012 ut
467 2973 565 3032 neque
588 2952 741 3013 circumiri
762 2951 958 3013 multitudine
977 2952 1085 3012 adver·
1108 2949 1151 3012 30

100 3038 254 3098 sariemm
269 3047 371 3119 posset
384 3059 482 3118 neque
496 3038 652 3120 impediri,
674 3056 732 3117 quo
748 3038 849 3097 minus
864 3039 930 3117 ipse
943 3039 981 3099 ed
996 3039 1085 3100 dimi-

101 3123 235 3186 candum
250 3144 373 3186 manum
389 3127 514 3186 haberet
529 3125 712 3205 expeditam.
746 3123 823 3185 Erat
837 3142 906 3185 cum
920 3144 956 3184 eo
972 3123 1084 3187 Metro·

100 3210 262 3283 barzanes,
286 3230 371 3272 socer
385 3212 463 3285 eius,
489 3216 659 3292 praefectus
680 3210 824 3290 equitum.
870 3210 903 3270 la
917 3211 1086 3292 desperatis

100 3297 211 3377 generi
225 3296 316 3357 rebus
331 3297 368 3357 ad
386 3298 486 3358 hostes
502 3298 674 3378 transfugit.
700 3298 737 3357 ld
750 3295 894 3358 Datames
908 3305 943 3357 ut
957 3297 1085 3371 audivit,

100 3382 214 3455 sensit,
237 3382 263 3443 si
285 3385 316 3443 in
332 3383 449 3444 turbam
471 3384 587 3444 exisset
601 3384 639 3444 ab
656 3383 776 3444 homine
791 3390 854 3443 tam
869 3383 1036 3442 necessario
1052 3401 1085 3441 se
1107 3375 1153 3440 35

98 3468 259 3542 relictum,
285 3468 420 3531 futurum
443 3479 479 3531 ut
500 3470 593 3531 ceteri
615 3469 774 3531 consilium
796 3472 1001 3548 sequerentur.
1047 3467 1085 3527 In

98 3552 220 3633 vulgus
234 3555 297 3615 adit
311 3575 365 3617 suo
381 3556 466 3617 iussu
481 3554 743 3617 Metrobaraanem
765 3555 934 3635 profectum
948 3572 1002 3634 pro
1017 3572 1085 3634 per·

99 3639 188 3720 fuga,
198 3660 255 3721 quo
263 3642 381 3703 facilius
388 3648 529 3723 receptus
537 3642 719 3703 interficeret
727 3643 841 3702 hostes:
854 3658 948 3719 quare
954 3638 1089 3720 relinqui
